3406 5918
416 508 1009 591 aanonnusnsnssaaronr.
1356 529 1418 594 aaa

65 684 86 727 (ι
104 660 263 731 Domum
290 652 524 756 Nigropontis
528 713 614 729 ......
640 673 676 730 et
699 658 769 730 alia
791 684 866 756 que
886 659 1032 746 tenetis,
1059 655 1188 729 ecrit-il
1220 684 1288 731 aux
1311 667 1417 734 Tem-

58 780 208 873 111’,1(ι
229 780 348 853 iusuld
362 783 654 881 Nigropontis‚ci
675 781 785 853 nobili
798 786 876 855 urio
897 789 1053 871 navarro,
1075 798 1111 855 et
1128 783 1227 856 bone
1242 791 1418 860 memorie

58 902 196 983 rabodo
215 906 368 977 Arrunte
389 920 424 977 et
447 906 599 978 Gaberio
619 906 725 978 vobis
748 908 808 1004 pia
836 905 1033 978 devotione
1054 933 1242 997 concessa,
1266 911 1360 983 sicut
1376 938 1417 985 ea

58 1030 134 1103 auia
143 1026 241 1127 justti
254 1043 291 1103 et
305 1028 457 1129 pacilieir
469 1033 672 1130 possidetis,
689 1032 793 1105 vobis
810 1048 846 1104 et
860 1058 927 1130 per
940 1058 1005 1107 ros
1020 1033 1149 1106 domui
1164 1050 1281 1107 vestre
1294 1052 1418 1109 aucto-

58 1166 117 1227 nte
132 1151 333 1251 apostolici
346 1153 621 1228 confirmamus.

65 1304 87 1349 a
103 1282 235 1353 Datum
264 1282 453 1370 laterani,
470 1286 532 1352 XV
556 1280 630 1355 kat.
655 1281 833 1371 octobris,
851 1282 1088 1381 pontificattis
1100 1285 1213 1356 nostri
1239 1308 1339 1356 anno
1361 1286 1419 1357 13⁰

59 1403 150 1499 ato).
171 1430 191 1471 a

67 1530 111 1601 lc
125 1534 243 1603 meme
259 1533 371 1620 mois,
390 1536 568 1604 innocent
587 1536 636 1602 lll
654 1530 744 1604 ecrit
760 1531 780 1603 1
799 1530 963 1631 l’eveque
977 1532 1025 1605 de
1043 1532 1216 1606 Damala:

70 1680 88 1719 ι
104 1656 210 1727 Suam
218 1653 267 1728 ad
275 1678 343 1727 nos
350 1654 474 1727 dilecti
487 1654 567 1745 filii,
580 1656 709 1728 iratres
721 1655 1010 1755 militie'lempli‚
1021 1659 1291 1754 querimoniam
1306 1674 1421 1730 trans-

58 1774 141 1849 inre
160 1776 265 1874 quod
284 1774 419 1851 nobilis
440 1779 497 1851 vir
513 1785 688 1869 Ronanus,
711 1778 889 1852 dominns
910 1780 1026 1852 insule
1042 1782 1292 1878 Nigropontis,
1312 1806 1420 1878 quas·

58 1899 384 1999 hpoascasionesit
401 1901 544 1993 Iacobo,
556 1902 735 2001 qnondam
751 1901 895 1974 dontino
906 1901 950 1975 de
965 1906 1128 1993 Avonam,
1146 1904 1287 2001 pietatis
1307 1906 1421 1977 intui-

58 2032 274 2118 truncans,
294 2026 448 2118 eisdem,
472 2029 510 2099 in
531 2030 655 2101 anime
675 2053 740 2100 sue
763 2029 1018 2127 dispendium,
1039 2027 1203 2100 detinere
1232 2031 1419 2127 presumit.

58 2144 209 2238 hucirca,
226 2164 298 2223 etc.

74 2274 236 2345 ¹illatum
252 2276 419 2346 Laterani
436 2279 503 2363 tv,
523 2299 642 2348 nonas
655 2276 838 2363 octobris,
856 2300 955 2348 anuo
974 2275 1032 2348 13⁰
1050 2274 1191 2373 (κιο).
1213 2308 1230 2342 s

72 2394 207 2468 onvoit
225 2396 323 2470 donc
340 2396 424 2495 qu’ia
436 2414 530 2471 cette
550 2398 668 2472 anne'e
690 2426 730 2472 (α
741 2426 799 2489 ιο,
820 2401 954 2471 Ravain
972 2399 1066 2471 dalle
1081 2401 1224 2471 Carceri
1240 2399 1327 2472 erait
1342 2400 1423 2498 ddja

58 2512 280 2594 Urlicomme
301 2523 467 2617 seigneur
486 2520 533 2594 de
555 2523 763 2622 Negrepont
780 2540 816 2595 et
833 2521 924 2620 qu'il
942 2523 1036 2594 avait
1052 2520 1205 2594 succede
1227 2523 1247 2594 1
1269 2528 1422 2620 lacques

58 2636 217 2735 trenes,
233 2647 298 2742 qui
314 2646 401 2719 e'tait
419 2663 514 2719 mort
531 2648 552 2719 1
569 2647 740 2747 l'e'poquc
755 2649 864 2739 citee,
880 2645 984 2749 aprirs
995 2649 1098 2720 avoir
1115 2649 1179 2720 lait
1197 2672 1246 2719 un
1265 2649 1422 2745 premier

58 2764 310 2843 altiaementt
328 2769 547 2867 Negrepont.

74 2892 139 2965 llne
156 2908 262 2966 autre
276 2893 383 2966 lettre
408 2893 629 2966 d’lnnocent
655 2900 703 2965 lll
728 2894 775 2966 de
798 2893 941 2966 l’annee
959 2920 1048 2966 rm
1072 2916 1213 2992 pronae
1237 2917 1309 2991 que
1329 2909 1423 2965 cette

58 3016 132 3093 tltue
148 3017 268 3091 annes
285 3020 422 3091 llavain
442 3044 479 3091 se
493 3020 607 3091 maria
626 3018 646 3090 1(
661 3045 734 3090 une
749 3043 866 3091 venre
878 3044 965 3091 avec
983 3019 1139 3116 laquelle
1157 3019 1182 3090 il
1191 3019 1285 3091 avait
1304 3017 1360 3090 ι’·ῐέ
1377 3017 1422 3088 lic

58 3140 227 3217 umutla
246 3146 304 3216 vie
322 3144 452 3218 deson
472 3147 585 3217 mari:

74 3268 328 3368 «Supplicavit
346 3294 431 3359 nos,
448 3268 540 3342 ecrit
560 3267 778 3341 Innocenti
801 3267 1053 3365 l’archeveque
1071 3265 1285 3357 d'ntheues‚
1309 3268 1425 3342 dilec-

58 3408 83 3459 ta
99 3388 192 3464 lilius
205 3391 340 3465 nobilis
359 3392 616 3481 vulteranus,
641 3392 814 3463 dominus
828 3393 1067 3489 Nigripontis‚
1091 3406 1131 3463 ut
1149 3392 1257 3480 citm,
1281 3392 1424 3489 pictatis

58 3514 167 3606 niu,
181 3514 382 3613 quamdam
403 3515 588 3605 nobilem,
605 3540 716 3613 quam
736 3517 849 3615 ipsius
865 3516 945 3587 viro
967 3516 1112 3587 vivente
1131 3514 1319 3608 cognovit,
1337 3510 1422 3582 velit

58 3636 128 3713 ndi)
141 3640 277 3715 ducere
291 3642 330 3712 in
342 3664 504 3728 uxorem,
522 3639 758 3736 dignaremur
771 3664 857 3712 cum
874 3664 918 3711 eo
931 3664 1041 3737 super
1058 3637 1131 3709 hoc
1142 3635 1424 3709 misericorditer

58 3754 235 3859 *mure-
258 3765 440 3852 Quocirca
462 3765 691 3837 Fraternitati
706 3768 780 3835 Tne
805 3788 871 3861 per
894 3761 1093 3861 apostolica
1114 3761 1249 3859 scripta
1268 3758 1424 3833 manda-

58 3900 102 3959 ltt
128 3886 310 3986 quatenus
333 3888 476 3987 prelato
503 3888 642 3976 nobili,
674 3887 743 3959 nisi
773 3887 891 3958 forsan
928 3885 1046 3957 eidem
1076 3886 1221 3958 vivente
1249 3885 1331 3957 viro
1355 3909 1424 3957 suo

58 4002 127 4085 h
145 4011 309 4103 dederit,
327 4036 393 4087 seu
414 4012 606 4085 mulierem
626 4013 742 4110 ipsam
765 4012 803 4082 in
822 4034 912 4084 nece
928 4010 998 4083 riri
1014 4010 1218 4084 constiterit
1233 4010 1425 4083 machina-

58 4154 108 4225 Ι,
120 4150 163 4209 ((1
174 4160 262 4209 cum
282 4138 360 4236 ipat
374 4137 535 4233 legitime
551 4135 746 4209 contrahat
758 4133 939 4208 concedas
953 4136 1167 4207 auctoritate
1187 4137 1309 4207 nostra
1332 4132 1424 4207 libe·

58 4284 95 4335 n
106 4260 333 4354 facultatem,
348 4263 438 4335 dum
457 4262 570 4334 modo
588 4260 686 4334 aliud
700 4261 919 4333 canonicum
934 4284 1010 4331 non
1027 4258 1189 4333 obsistat.

61 4418 81 4459 ι
98 4394 235 4465 Datum
267 4389 452 4478 Laterani,
479 4394 562 4461 Vlll
596 4387 665 4461 lml.
696 4389 810 4483 junii,
839 4387 1074 4486 pontificatus
1099 4389 1214 4461 nostri
1237 4413 1336 4462 antro
1369 4387 1426 4457 (5ο

58 4514 159 4613 m).
181 4544 201 4583 a

58 4644 104 4717 lc
124 4638 202 4712 u’ai
217 4664 268 4736 pu
290 4653 439 4711 trouver
462 4638 554 4711 dans
573 4663 694 4712 aucun
725 4652 942 4711 monument
963 4637 1239 4735 contemporain
1256 4652 1353 4708 truce
1379 4632 1426 4704 de

58 4764 156 4843 min
170 4762 267 4837 dalle
278 4766 423 4836 Carceri
435 4763 540 4861 apres
554 4780 647 4837 cette
660 4764 788 4836 annee.

58 5052 212 5107 mutuor
223 5048 257 5102 dc
268 5050 368 5109 Batnae,
381 5056 451 5101 tonte
462 5052 487 5103 2.
500 5064 526 5112 p.
544 5054 595 5099 tau.
720 5050 726 5109 Ι

144 5148 184 5201 l⁸'
201 5153 340 5201 ΡΔΠΙΕ.
