3406 5918
687 531 1012 595 INTRODUCTION.
1512 540 1552 599 ts

181 668 337 761 requirens
363 688 423 736 me
461 663 603 736 dictum
629 666 817 736 notarium
853 663 955 760 quod
983 662 1031 736 de
1058 661 1164 736 dictis
1185 663 1322 752 verbis,
1349 688 1453 736 suam
1481 692 1551 738 vo-

179 788 322 859 luntatem
348 786 640 877 continentibus,
660 801 703 860 ut
727 785 892 877 dicebat,
919 786 988 859 sibi
1013 785 1232 860 conficerem
1257 766 1447 884 publicum
1476 791 1550 861 ins-

179 924 390 999 timentum,
417 925 454 982 et
475 908 578 1008 quod
604 909 760 982 indicto
783 911 1027 983 instrumento
1050 910 1090 982 in
1117 911 1318 982 Romancio
1340 936 1403 983 seu
1428 910 1550 1009 lingut

179 1032 318 1129 dicuud
329 1056 507 1131 ponerem
514 1032 612 1106 dictu
622 1030 743 1105 verbs.
757 1035 867 1130 Cujus
879 1034 1093 1132 petitionem
1103 1057 1270 1105 annuens
1284 1048 1320 1105 ct
1333 1035 1549 1127 concedens,

175 1156 222 1229 itt
239 1156 375 1231 dictum
393 1158 679 1230 instrumentum
706 1158 823 1231 facere
845 1158 998 1255 dignum
1019 1157 1120 1230 duxi.
1139 1156 1258 1230 Verba
1284 1156 1381 1231 dicte
1399 1159 1551 1233 domine

173 1282 338 1357 mnthec:

170 1418 175 1425 '
204 1412 285 1495 «te,
310 1406 531 1497 Katherine,
555 1406 734 1501 ains-nee
758 1404 833 1479 fille
854 1406 901 1479 de
926 1404 1037 1479 noble
1060 1406 1172 1479 home
1195 1423 1231 1479 et
1257 1409 1419 1506 puissant
1443 1434 1548 1479 mon·

173 1532 313 1625 sdpueur
336 1528 506 1619 Charies,
529 1528 585 1601 sris
613 1529 665 1602 du
695 1554 761 1626 roy
786 1529 833 1602 de
857 1534 994 1603 France
1019 1544 1055 1602 et
1080 1546 1188 1602 conte
1211 1529 1259 1602 de
1282 1530 1417 1620 valois,
1445 1547 1482 1605 et
1502 1532 1550 1603 de

173 1652 271 1727 bunne
291 1655 490 1744 memoire,
520 1653 741 1742 timuerim,
758 1651 853 1748 judis
879 1654 1080 1752 emperiere
1115 1651 1162 1725 de
1188 1655 1489 1728 Constantinobie
1512 1672 1548 1727 et

176 1778 244 1849 true
265 1776 316 1851 du
340 1776 398 1850 dit
423 1778 680 1873 monseigneur
699 1775 735 1849 le
761 1790 869 1850 conte
890 1775 938 1849 de
960 1775 1101 1866 Volcis,
1128 1800 1171 1873 ny
1198 1776 1359 1849 entendu
1385 1802 1458 1874 que
1482 1803 1548 1849 nu·

179 1926 261 1975 muer
284 1926 538 1975 convenances
563 1902 685 1975 iurent
709 1900 812 2000 picci
839 1900 1003 1975 rmicrtes
1033 1917 1069 1973 et
1096 1901 1290 1975 socordem
1314 1919 1416 1976 entre
1441 1928 1547 1975 mon·

178 2025 308 2121 te‘gueur
327 2050 415 2097 mon
441 2048 529 2124 pere
551 2024 686 2097 devant
716 2024 771 2097 dit
795 2048 892 2124 pour
919 2027 994 2098 moi
1020 2025 1133 2098 d'une
1164 2039 1247 2124 part
1277 2039 1314 2098 et
1342 2024 1375 2097 ie
1401 2025 1475 2099 duc
1501 2026 1549 2099 de

180 2150 369 2247 torrgoigue
385 2148 655 2223 desminement
675 2163 790 2240 mort,
807 2173 904 2249 pour
925 2149 960 2222 le
980 2148 1054 2222 duc
1078 2173 1144 2221 son
1161 2147 1218 2219 iris
1236 2152 1302 2248 qui
1322 2152 1548 2223 maintennnt

181 2286 217 2343 ιιι
236 2272 386 2361 d’uutre,
410 2297 471 2343 sus
485 2274 643 2367 maringe
662 2274 750 2343 inire
777 2287 880 2345 entre
899 2272 1005 2345 ledit
1021 2271 1095 2346 duc
1113 2273 1178 2369 qui
1195 2274 1424 2346 maintenant
1440 2290 1491 2347 est
1512 2289 1548 2346 et

183 2418 253 2493 top
270 2412 305 2469 et
316 2422 461 2471 comme
477 2396 642 2496 l‘empire
653 2395 701 2469 de
712 2396 1013 2470 Constantinoble
1029 2400 1262 2496 appartiegne
1279 2397 1396 2497 iimoy
1411 2398 1546 2472 Kathe·

183 2517 374 2593 tiuedernnt
389 2520 465 2593 dite
481 2545 549 2618 par
563 2519 597 2591 ln
611 2523 814 2595 succession
836 2546 895 2594 ma
914 2521 989 2594 dite
1006 2546 1120 2609 mere,
1141 2520 1188 2592 de
1202 2546 1316 2620 quoy,
1339 2548 1437 2621 pour
1454 2521 1547 2595 l’ho·

184 2662 249 2715 unu
269 2644 313 2717 de
336 2648 429 2719 Dieu
450 2660 485 2719 et
509 2646 555 2719 de
577 2647 787 2736 crestiente,
810 2646 883 2745 j’ay
903 2648 1048 2719 mestier
1070 2645 1117 2718 de
1143 2646 1254 2718 home
1278 2649 1379 2718 avoir
1405 2649 1426 2719 ὲ
1455 2650 1545 2721 muri

184 2766 291 2859 ninii
307 2768 523 2869 appareilie,
547 2785 584 2843 et
601 2768 732 2843 vueille
746 2785 782 2842 ct
808 2773 929 2869 puisse
949 2769 1212 2867 entreprendre
1235 2768 1305 2842 tres
1319 2772 1545 2843 maintenant

185 2880 400 2991 htsoignes
412 2894 460 2967 de
474 2892 657 2993 l'empire,
671 2910 707 2967 et
725 2895 751 2968 li
767 2894 823 2967 dis
837 2894 912 2967 dux
935 2921 980 2966 ne
1000 2895 1069 2966 soit
1089 2920 1153 2993 pus
1170 2894 1364 2993 appareill&
1382 2919 1429 2966 nc
1444 2897 1545 2994 puis·

186 3026 254 3105 tuit,
266 3017 291 3087 si
311 3042 456 3091 comme
472 3020 509 3113 je
526 3043 571 3115 ny
587 3019 748 3091 entendu
771 3044 838 3117 par
857 3019 999 3091 bormes
1017 3043 1104 3114 gens
1123 3018 1251 3113 dignes
1264 3019 1310 3091 de
1330 3020 1402 3117 foy,
1417 3020 1465 3091 de
1478 3045 1545 3091 en·

188 3140 354 3231 &prendre
382 3141 416 3214 ie
443 3142 617 3238 besoigue
644 3143 778 3215 devant
805 3143 899 3231 dite,
920 3166 1015 3241 pour
1043 3167 1106 3231 ce,
1128 3143 1166 3238 je
1189 3144 1374 3240 n’accepte
1402 3168 1467 3241 pas
1494 3144 1545 3215 les

186 3272 391 3339 mtmunces
403 3265 538 3338 devant
555 3265 648 3337 dites
668 3290 715 3338 ne
735 3266 769 3339 le
786 3268 942 3361 mariage
959 3265 1009 3337 du
1031 3265 1086 3338 dit
1106 3264 1198 3356 duc,
1216 3268 1295 3337 ains
1310 3266 1344 3337 le
1367 3268 1485 3339 resuse
1508 3282 1545 3339 et

186 3396 281 3475 mue,
292 3404 327 3461 et
338 3388 492 3461 reclamo
508 3404 637 3461 contre
650 3388 701 3461 les
714 3414 966 3461 convenances
978 3389 1231 3479 devantdites3
1245 3406 1281 3461 et
1296 3414 1355 3461 me
1367 3390 1458 3488 plait
1471 3415 1544 3487 que

187 3508 301 3608 ”dege
322 3516 393 3587 soit
415 3514 481 3587 fais
501 3529 604 3587 entre
629 3514 661 3585 ic
684 3516 812 3613 prinre
837 3516 885 3587 de
906 3520 1078 3604 Tarento,
1104 3513 1160 3586 iiis
1180 3514 1231 3587 du
1257 3540 1321 3611 roy
1344 3514 1392 3587 de
1410 3515 1542 3601 Seziie‚

184 3622 305 3709 ‘ifliute
318 3637 487 3735 Egiises'i
508 3638 663 3728 ricorde,
679 3640 770 3711 ainsi
790 3664 934 3711 comme
958 3637 984 3709 li
1001 3664 1066 3735 roy
1087 3638 1135 3711 dc
1157 3642 1293 3709 Frnnce
1315 3662 1392 3709 mes
1418 3637 1543 3710 onclcs

184 3764 282 3835 ttuou
292 3766 458 3861 seigneur
469 3789 556 3837 mon
573 3790 660 3863 pcre
672 3764 905 3838 acorderont.

215 3886 342 3959 *ictum
357 3888 419 3961 die
434 3890 534 3961 Jovis
547 3890 584 3961 in
606 3888 695 3961 sesto
709 3889 822 3959 suncti
838 3886 1080 3958 Bartholonrei
1095 3886 1267 3984 apostoli,
1283 3888 1321 3957 in
1331 3902 1449 3959 castro
1464 3888 1541 3960 Sai-

179 4006 259 4079 uurii
277 4010 462 4111 (Srumur)
476 4066 486 4101 ,
498 4014 606 4085 annis
625 4010 835 4084 indictionis
853 4026 889 4083 et
902 4011 1087 4109 pontificis
1105 4010 1292 4108 predictis,
1313 4012 1542 4110 presentibus

175 4126 326 4209 nobilibus
350 4138 439 4209 viris
452 4136 652 4209 Bertrundo
679 4136 727 4209 de
747 4134 839 4209 Lilio
860 4134 974 4209 milite
998 4135 1140 4207 domini
1155 4136 1266 4233 regis,
1279 4136 1429 4210 domind
1445 4142 1540 4209 Mar·

168 4262 264 4345 μιιιι
277 4262 351 4355 ejus
368 4285 501 4350 uxore,
519 4259 672 4335 domino
687 4266 794 4335 Petro
807 4261 854 4334 de
866 4259 1140 4351 Calvo-Monte,
1157 4260 1346 4361 capellano
1360 4278 1540 4362 perpetuo

164 4376 341 4456 insecteris
355 4386 471 4457 suncti
488 4388 582 4457 Petri
604 4386 651 4457 de
666 4386 853 4473 Saluium,
874 4402 909 4456 et
934 4387 1103 4481 magistro
1123 4390 1227 4456 Petro
1245 4384 1345 4456 dicto
1365 4390 1536 4482 trangon,

162 4504 293 4577 testibus
300 4508 345 4580 ad
362 4508 435 4581 hoc
449 4509 650 4607 specialiter
663 4510 811 4581 vocatis.
824 4514 865 4579 Et
877 4532 944 4604 ego
959 4505 1171 4605 liudulphus
1184 4508 1303 4579 dictus
1314 4514 1415 4604 Byot,
1429 4510 1538 4607 bayn-

153 4632 257 4703 musis
264 4634 415 4707 diocesis
428 4634 598 4732 publicus
610 4637 824 4707 auctoritate
840 4634 1017 4733 imperiali
1033 4635 1211 4721 notarius,
1227 4634 1400 4707 omuibus
1412 4658 1538 4731 supra·

150 4758 281 4853 seriptis
293 4782 441 4855 presens
456 4758 524 4845 ini,
535 4774 571 4829 et
586 4757 748 4856 predicta
763 4756 874 4830 verbu
888 4757 1035 4845 audivi,
1054 4774 1089 4829 et
1103 4760 1253 4856 proprisi
1268 4782 1378 4829 mauu
1393 4758 1535 4856 scripsi,
1592 4850 1597 4857 Ι

144 4898 177 4953 et
199 4882 233 4951 in
257 4880 351 4955 irnnc
370 4881 556 4980 publicam
572 4883 725 4954 sormam
745 4883 882 4975 redegi,
899 4884 1076 4979 signoque
1093 4908 1174 4954 inco
1188 4882 1295 4954 solito
1317 4884 1455 4975 signari
1480 4907 1537 4952 rn-

137 5024 256 5090 ξυιυς,
274 5010 308 5077 in
328 5009 575 5079 testimonium
597 5008 875 5103 prcrrrissorum,
895 5024 963 5079 etc.
985 5042 999 5069 n
