3406 5918
649 517 972 582 INTRODUOE'ION.
1067 469 1076 490 ·
1474 524 1514 583 ³3

149 650 224 722 ‘tte
237 648 285 721 ad
297 647 462 746 hottinger
484 664 520 719 et
543 653 661 721 ornauit
683 654 721 720 in
741 651 870 748 quibus
888 650 987 722 vobis
1011 667 1045 720 et
1065 653 1135 747 ipsi
1153 649 1359 721 tenebantur
1371 654 1513 749 imperio

152 774 244 872 dt'que
256 788 293 844 ct
304 796 376 871 per
390 775 534 860 munte,
558 775 648 845 sicut
665 773 767 847 nobb
792 773 998 846 tenebantur
1018 774 1207 862 lancternis,
1227 773 1272 845 de
1288 790 1399 846 cetero
1418 789 1512 846 tene·

155 915 231 969 nur.
254 894 390 972 ceditis
409 898 570 996 insuper,
591 898 697 986 datis,
715 899 917 970 conceditis
940 916 977 970 et
995 898 1139 971 dorsetis
1159 899 1282 990 nobis,
1309 900 1513 998 nostrisque

155 1024 342 1124 npredieto
365 1048 480 1119 regno
508 1023 723 1113 heredibus,
753 1043 865 1096 totam
888 1043 1020 1096 terram
1045 1050 1156 1122 quam
1179 1026 1404 1097 Michaiicius
1431 1025 1512 1098 des·

150 1165 224 1249 ptus
234 1148 332 1223 dotis
349 1172 416 1222 seu
430 1172 667 1247 quocumque
686 1150 759 1221 aiio
772 1148 880 1221 titulo
893 1149 1011 1236 dedit,
1027 1148 1176 1221 tradidit
1189 1165 1228 1221 et
1246 1151 1424 1222 concessit
1442 1154 1513 1225 He·

147 1274 202 1345 tene
219 1271 288 1346 iiiie
302 1296 369 1346 sue
387 1272 512 1345 relicte
533 1274 723 1370 qnondam
743 1273 932 1356 Maniredi,
956 1272 1045 1345 olim
1066 1274 1241 1371 principis
1259 1275 1459 1363 Tarentini,
1474 1291 1513 1346 et

146 1424 224 1496 quam
241 1398 339 1473 idem
360 1397 569 1471 nannetes
590 1414 627 1471 et
643 1397 832 1496 qnondam
855 1397 1044 1496 Phiiippus
1061 1397 1268 1472 Chinardus
1287 1398 1368 1496 (qni
1387 1422 1425 1471 se
1443 1420 1512 1497 pro

144 1522 261 1619 pedicti
275 1523 380 1618 regni
395 1523 589 1599 ammirato
606 1521 769 1617 gerebat)
791 1520 882 1593 dum
900 1523 1063 1594 viverent
1080 1536 1291 1606 tenuerunt,
1313 1546 1513 1619 omnesque

147 1645 245 1719 indas
254 1644 304 1719 nd
314 1644 457 1718 dictum
469 1646 665 1743 imperium
676 1661 774 1718 extra
788 1651 923 1717 Bucam
938 1644 1038 1717 Avidi
1048 1646 1285 1743 pertinentes,
1298 1647 1458 1744 exeeptis
1470 1647 1513 1719 iis

144 1786 282 1866 ρωποι,
300 1769 474 1843 videlieet
490 1768 710 1860 nethettina,
726 1774 847 1863 Samo,
865 1776 965 1866 Ango
981 1770 1080 1866 (Cos)
1101 1786 1137 1842 et
1153 1768 1262 1855 Chio,
1282 1794 1373 1866 quas
1393 1770 1510 1859 vobis,

149 1895 309 1992 astrisque
323 1894 593 1969 successoribus
603 1911 641 1966 et
655 1894 774 1966 eidem
794 1895 949 1992 imperio
965 1895 1164 1966 reservatis.
1177 1893 1387 1966 Conceditis
1403 1895 1513 1967 etiam

150 2015 225 2088 ndis
233 2032 267 2091 et
275 2017 411 2089 nemis
420 2020 459 2090 in
472 2017 640 2116 predicto
655 2042 767 2113 regno
779 2016 986 2109 heredibus,
997 2032 1038 2089 ut
1049 2041 1116 2089 nos
1126 2032 1161 2089 et
1174 2018 1241 2114 ipsi
1252 2016 1414 2108 heredes,
1428 2042 1512 2116 pre·

148 2154 185 2210 ter
191 2141 341 2234 feudum,
354 2144 615 2241 principatum,
629 2158 742 2215 terres
756 2157 793 2215 et
806 2141 941 2215 insulas
953 2157 990 2214 et
1001 2142 1069 2215 alia
1079 2142 1177 2216 dicta
1189 2141 1369 2241 superius,
1379 2140 1514 2216 babea-

147 2285 203 2336 nu
213 2263 312 2364 piene
331 2281 369 2338 et
388 2263 527 2362 integre
539 2267 681 2338 tertiam
694 2281 838 2364 partem
849 2266 1018 2336 omnium
1034 2264 1180 2337 iliorum
1192 2289 1266 2362 que
1284 2264 1331 2338 de
1347 2263 1512 2363 predicto

148 2388 266 2484 inperio
283 2390 379 2462 inira
394 2414 553 2480 annum,
572 2413 647 2487 quo
661 2389 750 2460 dicti
767 2390 882 2459 nostri
898 2390 1037 2484 equites
1055 2389 1092 2490 in
1109 2391 1188 2486 ipso
1204 2390 1359 2486 imperio
1372 2412 1442 2488 pro
1455 2413 1512 2460 re·

146 2515 348 2607 mentione
358 2527 396 2585 et
406 2513 647 2609 acquisitione
661 2511 905 2583 morabuntur
917 2509 1093 2606 ejusdem,
1106 2511 1163 2582 vel
1178 2513 1285 2583 etiam
1296 2528 1379 2609 post
1393 2514 1513 2611 ipsum

147 2654 262 2725 aman,
277 2636 590 2734 quandocumque
608 2634 629 2707 ir
648 2636 796 2725 nostris,
815 2649 1072 2705 nostrorumve
1085 2635 1123 2705 in
1143 2633 1244 2706 dicto
1263 2660 1374 2730 regno
1392 2637 1512 2710 Sicilie

149 2752 301 2851 bendum
314 2759 512 2856 equitibus,
534 2773 569 2830 et
588 2775 695 2854 gente
714 2762 847 2846 vestre,
868 2757 977 2829 simui
990 2756 1047 2829 vei
1063 2759 1256 2856 separatim
1270 2758 1513 2831 abalterutris

148 2887 315 2982 miperari
338 2898 529 2982 poterunt,
551 2883 609 2954 vei
628 2885 665 2954 in
690 2885 769 2981 ipso
791 2885 949 2979 acquiri,
971 2885 1046 2956 sive
1067 2885 1105 2955 in
1126 2881 1317 2973 demoniis,
1339 2884 1415 2957 sive
1434 2884 1511 2956 feu-

151 3002 254 3091 teet
266 3009 345 3082 aliis
365 3008 475 3081 rebus
487 3022 551 3080 aut
566 3007 712 3104 juribus
727 3007 1024 3104 quibuscumque
1036 3009 1245 3098 consistant,
1262 3007 1410 3107 reliquis
1422 3009 1513 3083 dua-

150 3125 199 3202 bu
215 3134 372 3232 partibus
399 3149 435 3206 et
465 3138 587 3231 preter
618 3132 695 3206 illas
722 3133 815 3204 urbe
840 3133 1241 3232 constantinopolitani
1267 3158 1311 3207 ac
1338 3133 1513 3232 predictis

151 3269 271 3345 patrer
290 3258 436 3348 insulis,
455 3257 560 3329 vobis
578 3259 779 3353 vestrisque
798 3256 1067 3329 successoribus
1091 3259 1288 3329 reservatis.
1315 3263 1357 3329 In
1378 3257 1513 3355 quibus

151 3376 241 3473 ulique
254 3380 397 3453 duabus
414 3381 579 3478 partibus
594 3380 828 3452 includentur
846 3395 883 3453 et
897 3379 1219 3478 computabuntur,
1233 3381 1263 3452 si
1283 3406 1356 3478 que
1372 3384 1512 3480 promi·

150 3497 214 3571 sistis
230 3505 281 3578 vei
305 3506 382 3600 jam
409 3505 647 3592 concessistis,
672 3502 728 3577 vei
756 3503 974 3599 promittetis
999 3527 1062 3575 seu
1088 3503 1296 3577 concedetis
1321 3502 1511 3602 deinceps,

151 3621 406 3726 ‘ttibnseumque
421 3628 601 3726 personis,
615 3625 954 3716 communitatibus,
968 3627 1043 3697 sive
1059 3625 1165 3715 iocis,
1184 3627 1325 3698 ratione
1344 3625 1511 3720 subsidii,

152 3742 309 3825 tdauxttii
334 3751 572 3851 impendendi
592 3749 713 3840 vobis,
730 3749 776 3821 ad
796 3751 1129 3847 recuperationem,
1150 3774 1214 3821 seu
1234 3751 1510 3846 acquisitionem

151 3864 253 3964 issptrii
269 3876 484 3975 supradicti,
499 3899 561 3947 seu
578 3873 646 3944 alid
666 3875 899 3969 quicumque
917 3873 1073 3960 ratione,
1090 3874 1297 3965 occasione,
1311 3872 1367 3946 vel
1386 3878 1508 3966 cause,

151 3995 222 4068 'mii
239 4016 338 4098 parte
358 4003 481 4071 nostr-d
502 4022 569 4096 per
588 4022 629 4069 ea
646 3998 683 4068 in
707 3996 810 4068 nullo
827 3994 974 4094 penitus
991 3996 1192 4086 diminuti,
1212 3996 1275 4070 sed
1300 4016 1511 4074 remanente

150 4110 436 4198 attttomnibus
451 4123 564 4195 liberi
583 4120 730 4220 penitus
750 4137 784 4193 et
799 4122 968 4193 immuni.
986 4121 1205 4217 Hujusmodi
1223 4137 1345 4195 autem
1368 4127 1510 4198 tertiam

149 4258 262 4338 mon,
273 4247 585 4347 quandocumque
603 4262 637 4317 et
655 4246 880 4342 ubicumque
894 4247 933 4316 in
949 4247 1027 4343 ipso
1045 4247 1213 4344 imperio,
1232 4247 1385 4345 ejusque
1398 4251 1510 4347 perti-

149 4371 583 4471 contemnendorum
600 4396 662 4442 seu
683 4369 1033 4467 recuperandorum,
1051 4370 1268 4444 habebimus
1287 4374 1322 4442 in
1341 4375 1383 4444 ee
1400 4375 1510 4472 ipsius

149 4485 253 4588 i“nterii
278 4512 382 4598 perte
408 4499 444 4568 in
467 4503 541 4592 quai
563 4520 628 4566 nos
651 4494 707 4565 vel
728 4496 842 4566 nostri
865 4494 903 4565 in
923 4495 1089 4592 predicto
1117 4520 1229 4593 regno
1253 4496 1405 4570 beredes
1429 4501 1510 4570 esti-

148 4613 291 4694 mtbimus
319 4645 383 4694 seu
414 4617 664 4716 reputabimus
689 4643 755 4688 nos
783 4617 950 4690 eamdem
977 4621 1120 4690 tertiam
1151 4636 1290 4719 partem
1314 4646 1400 4692 cum
1430 4623 1508 4719 ipso

147 4758 242 4833 tuno,
260 4745 376 4839 ‚stude
390 4747 608 4841 princpratris
637 4741 771 4814 Achate
796 4768 840 4813 nc
860 4749 976 4815 Moree
1001 4743 1152 4841 aliisque
1174 4748 1356 4842 premissis
1386 4747 1507 4834 terris,

142 4882 218 4955 pom
233 4885 356 4942 tenere
369 4867 599 4939 commodius
615 4882 649 4938 et
666 4865 824 4938 babere:
847 4867 893 4937 iti
911 4867 1135 4963 quodetiam
1151 4870 1188 4940 in
1210 4874 1304 4941 terni
1319 4872 1508 4941 memorati

137 4985 248 5088 ‹inpoti
265 5021 307 5065 ac
331 4995 368 5062 in
387 4993 503 5084 regnis
519 4990 665 5062 ‚iliranic
681 5005 716 5059 ct
734 4992 853 5061 Servio
869 4991 970 5062 liceat
987 4993 1108 5080 nobis,
1124 4995 1327 5088 nostrisque
1345 4994 1380 5064 in
1398 5017 1508 5090 regno

215 5127 249 5178 1¹·
266 5131 406 5179 eserie.
1368 5124 1387 5172 e
