3406 5918
184 532 390 599 emerent
412 537 445 597 ιι
466 536 521 597 nn
541 536 866 600 ιιιιιι-ιιιιιιιοιιι
888 537 1040 603 rmum
1060 539 1115 601 nn
1134 523 1289 603 nonne.
1382 544 1439 608 ros

87 665 259 739 meme
271 665 484 763 decerpere
498 681 623 738 nostro
638 684 805 766 suscepto
818 669 1024 760 decesserit,
1045 671 1143 743 dicta
1162 687 1256 744 terra
1272 673 1317 744 nd
1335 673 1439 746 irere-

87 788 431 888 knostmspostejns
440 789 641 879 decessum,
655 815 757 863 more
771 793 913 882 debito,
930 809 1141 866 revertatur.
1158 800 1372 868 Ettenorem
1383 798 1440 870 lit·

84 930 274 1012 utrumque
285 914 357 987 sibi
368 940 478 1013 super
491 915 563 988 Ιιοο
573 918 771 988 necessarie
779 917 915 990 suerint
925 918 1032 991 nobis
1042 921 1079 990 in
1087 921 1437 1018 scriptisdignemini

80 1038 232 1130 iutimre3
249 1053 286 1112 et
303 1063 387 1129 nos,
405 1040 608 1114 secundnm
632 1057 796 1114 tenorem
815 1043 973 1134 illarum,
993 1043 1130 1117 litteras
1148 1062 1289 1118 nostras
1305 1048 1440 1121 confici

79 1163 222 1252 fiamus,
231 1181 267 1236 et
276 1166 455 1263 quiequid
465 1191 574 1264 super
584 1167 656 1239 hoc
671 1168 937 1255 ordinaveritis,
950 1188 1061 1268 prout
1075 1168 1203 1242 melius
1216 1171 1295 1243 fieri
1308 1175 1441 1271 poterit

76 1284 335 1363 ammodum
353 1289 490 1388 prefate
506 1291 761 1388 imperatricis,
777 1308 896 1364 ratum
913 1292 1130 1367 habebimus
1148 1310 1184 1366 et
1200 1311 1391 1394 acceptum
1406 1311 1441 1367 et

74 1411 295 1511 pnruidubio
311 1413 485 1487 faciemus
502 1415 761 1487 inviolabiliter
779 1415 979 1489 observari.

103 1538 221 1625 aQuia
239 1538 327 1610 vero
346 1537 445 1610 dicta
469 1553 564 1611 terra
586 1540 634 1610 de
658 1545 828 1629 Betmco,
850 1540 1051 1635 Collungiis
1070 1556 1105 1612 et
1124 1542 1321 1613 stalli-vitta
1337 1546 1440 1639 quasi

73 1658 241 1761 finimus
253 1687 330 1734 esse
344 1663 503 1753 videtur,
524 1664 610 1736 cirm
627 1664 732 1738 valde
744 1666 790 1737 sit
810 1666 969 1739 difficilis
984 1667 1031 1738 ad
1055 1665 1270 1739 habendum
1293 1683 1330 1740 et
1347 1665 1441 1738 bene

73 1782 172 1859 ὼ
186 1785 288 1881 quod
310 1810 392 1858 earn
412 1786 620 1860 nullatenus
641 1789 809 1861 obtinere
829 1779 1046 1887 poterimus,
1066 1790 1137 1860 nisi
1152 1806 1272 1862 vestro
1288 1791 1440 1861 consitio

76 1928 203 2011 qtae
216 1911 415 2001 mediante,
433 1912 700 1986 Sublimitatem
714 1920 876 1987 Vestram
895 1916 1068 2019 attentius
1092 1914 1334 2013 deprecamur
1351 1940 1441 2010 qua·

80 2030 157 2125 st,
169 2051 281 2134 prout
294 2035 423 2109 melitis
436 2037 607 2136 expedire
619 2038 782 2111 videritis
795 2039 840 2112 nd
854 2057 948 2138 opus
961 2053 1127 2111 nostrum
1145 2055 1181 2113 et
1198 2040 1440 2136 imperatricis

75 2162 303 2257 “eguinos
325 2176 461 2251 vestre,
480 2163 647 2234 eamdem
670 2178 804 2236 terram
817 2167 893 2262 peti
916 2166 954 2237 in
974 2165 1116 2261 judicio
1137 2164 1274 2236 iacietis
1295 2178 1331 2235 et
1353 2186 1440 2235 cnu-

70 2294 125 2359 Ι
140 2283 185 2358 ad
202 2280 372 2356 debiturn
398 2283 511 2357 finem
537 2285 712 2382 perdum,
739 2288 999 2359 constituentes
1026 2302 1281 2386 procurrtores
1300 2288 1347 2359 ad
1368 2287 1441 2359 hoc

69 2398 262 2498 hrum,
284 2410 360 2480 sive
384 2432 451 2505 per
470 2408 607 2480 litteras
628 2425 775 2500 vestras,
794 2411 870 2481 sive
888 2436 954 2508 per
972 2426 1112 2483 nostras
1133 2436 1224 2507 quas
1245 2411 1340 2482 lator
1360 2436 1442 2509 pre·

69 2530 191 2607 *sm
202 2555 329 2605 secum
342 2531 476 2620 desert,
487 2548 597 2631 prout
609 2533 767 2605 videritis
780 2533 968 2632 expedire,
981 2550 1022 2605 ut
1035 2533 1331 2606 reverendissima
1344 2558 1441 2606 con-

68 2672 123 2729 Ιι
136 2673 254 2729 nostra
268 2655 356 2727 inde
371 2656 487 2728 valeat
503 2657 656 2755 pacifica
674 2660 897 2756 possessione
914 2658 1092 2754 gaudere,
1111 2657 1167 2728 vel
1182 2659 1220 2728 in
1238 2671 1316 2729 toto
1329 2657 1386 2729 vel
1402 2660 1441 2728 in
1541 2723 1548 2735 ,

67 2781 369 2877 muccundum
379 2781 480 2878 quod
495 2806 561 2879 per
574 2783 633 2878 jus
647 2782 704 2855 vel
721 2808 787 2880 per
803 2783 1114 2880 composicionem
1128 2782 1196 2853 tuit
1212 2780 1435 2853 ordinatum.

69 2902 338 2981 humoribus
364 2922 486 2978 autern
516 2908 583 3003 qui
612 2907 660 2978 ad
690 2908 788 2979 istud
819 2909 1005 3004 negotium
1036 2904 1331 3004 persequendum
1362 2905 1441 2976 sue·

70 3022 333 3120 &semotum
349 3029 396 3101 de
416 3055 454 3101 re
474 3035 598 3102 nostrat
618 3031 755 3103 faciatis
771 3056 942 3129 expensas
956 3043 1205 3127 competentes
1217 3052 1261 3101 ac
1278 3052 1440 3100 necessa·

70 3146 295 3242 finhibsri,
310 3178 358 3226 ne
370 3179 436 3252 per
445 3154 627 3227 desectum
640 3180 878 3254 expensarum
891 3156 1039 3251 negocia
1051 3169 1174 3227 nostra
1186 3151 1442 3249 derelinquere

70 3289 204 3373 west
222 3278 444 3378 imperfecta.
465 3285 534 3350 Pro
552 3278 623 3351 hiis
638 3295 760 3352 antem
776 3281 936 3376 negociis
951 3277 1155 3377 specialiter
1172 3277 1348 3350 dilectum
1368 3276 1441 3349 cle·

71 3394 157 3476 bn
179 3421 346 3478 nostrum
369 3405 550 3479 decanum
572 3406 846 3478 Blaiternensem
868 3405 1022 3478 latorem
1041 3401 1333 3503 presentiumad
1355 3407 1441 3473 Ves-

73 3527 392 3601 thisituditem
408 3528 648 3616 destinamus,
664 3531 725 3601 cui
740 3528 852 3600 fidem
871 3528 1115 3600 indubitatam
1131 3524 1308 3597 adhibere
1317 3522 1442 3618 digne·

73 3642 251 3748 *isuper
266 3650 441 3723 omnibus
457 3674 529 3749 que
547 3653 721 3747 Dignitati
741 3657 865 3725 Vestre
882 3666 1041 3749 exparte
1058 3651 1182 3721 nostri
1195 3646 1337 3717 duxerit
1350 3645 1442 3716 reie-

76 3768 167 3863 Ιώ,
182 3776 302 3874 ipsum
321 3775 537 3873 propensius
555 3775 895 3848 recommendatum
910 3774 1098 3847 habentes.

62 3924 73 3949 ·
106 3899 260 3971 ‘Datum
281 3898 596 3994 forsitantinopoli
621 3903 650 3968 X
676 3898 746 3969 irai.
775 3899 915 3983 martii,
948 3896 1091 3997 imperii
1121 3896 1236 3965 nostri
1260 3916 1360 3966 anno
1387 3919 1442 3965 se·

75 4016 164 4093 Μ)
178 4023 308 4120 (ulti)
331 4027 359 4094 ¹.
384 4054 402 4090 n

103 4145 256 4246 &offroy
282 4147 398 4221 s’titait
427 4151 594 4244 toujoum
621 4148 763 4220 montrti
786 4152 867 4246 pret
891 4146 912 4217 it
936 4146 1038 4218 nider
1064 4171 1109 4218 en
1145 4160 1246 4217 toute
1271 4146 1440 4216 occasion

70 4254 200 4367 ique
216 4271 266 4344 de
282 4272 603 4369 Constantinopie,
617 4273 682 4368 qui
703 4272 815 4343 teoait
834 4270 925 4343 desi
943 4269 1061 4368 prisia
1076 4294 1132 4342 ses
1153 4270 1254 4340 itate.
1271 4272 1319 4340 La
1339 4265 1443 4339 lettre

65 4381 265 4468 buudoin
278 4420 419 4494 prouve
434 4420 507 4492 qne
524 4394 606 4489 deje
623 4395 649 4466 it
671 4393 863 4490 songeaitir
884 4392 1032 4465 obtenir
1056 4418 1102 4465 en
1125 4398 1262 4464 Franco
1275 4390 1309 4461 le
1323 4388 1442 4462 comte'

58 4510 312 4609 deCourtenai,
329 4543 411 4589 sans
425 4517 537 4588 doute
551 4518 641 4589 dans
658 4517 720 4590 des
734 4543 820 4588 vues
842 4517 888 4588 de
902 4516 1052 4605 familie,
1070 4540 1115 4587 au
1131 4541 1191 4586 cas
1208 4513 1257 4587 οὺ
1275 4511 1307 4583 la
1323 4509 1443 4582 More‘e

58 4636 216 4715 t'uriruit
226 4666 277 4714 un
289 4639 407 4737 jouria
419 4639 602 4738 e'clrapper
614 4664 685 4712 aux
700 4645 726 4710 F
728 4641 867 4735 moesis
871 4668 885 4730 3
896 4664 957 4712 car
971 4637 1164 4711 c’etaitsttr
1178 4636 1244 4709 elle
1254 4661 1297 4708 en
1310 4659 1352 4706 ce
1367 4655 1443 4702 mo·

58 4781 222 4864 flentque
233 4766 369 4864 portait
384 4779 463 4836 tout
476 4764 509 4836 le
520 4765 666 4836 iardeau
677 4764 723 4835 de
733 4763 954 4861 i’entreprise
968 4762 1014 4835 de
1026 4758 1341 4856 Constantinople,
1352 4770 1386 4827 et
1397 4754 1442 4825 ιιέ

64 5052 191 5113 ‘torem
212 5049 282 5102 dm
298 5048 336 5100 trs
354 5048 476 5102 mittes
491 5050 527 5100 du
546 5061 683 5111 tortum,
702 5050 746 5108 tet
767 5053 958 5103 certantem.
