3406 5918
646 516 783 601 numni
802 520 1039 601 barrinas.
1482 543 1544 605 stc

122 674 342 761 derivetur,
370 669 629 743 inducentibus
649 673 837 769 presertim
868 698 936 744 nos
965 673 1013 744 ad
1034 672 1072 743 id
1104 674 1239 744 meritis
1265 676 1464 746 constantis
1485 676 1544 748 de·

128 800 300 877 notionis
311 820 356 869 ac
369 793 456 867 lidei
476 793 550 867 tam
564 794 652 867 dicti
677 797 773 867 Nerii
788 795 899 892 quim
915 798 984 869 viri
1005 797 1186 893 magnifici
1207 799 1340 870 Donati
1359 799 1404 870 de
1421 802 1542 871 Accia-

137 920 253 1025 juolis
266 921 314 993 de
345 919 542 1009 Florentii,
557 919 696 1012 militis,
722 920 875 1018 predicti
895 923 991 993 Ncrii
1011 922 1140 1011 fratris,
1163 924 1350 1018 nostrique
1381 924 1545 996 similiter

145 1044 337 1123 comiliarii
353 1058 390 1115 et
406 1043 520 1115 fidelis
530 1042 669 1134 dilecti,
685 1069 728 1115 ac
743 1044 953 1139 grandibus,
968 1043 1118 1117 utilibus
1132 1061 1168 1116 et
1182 1046 1376 1119 fructuosis
1389 1049 1544 1118 servitiis

148 1192 217 1269 que
238 1165 364 1239 iratres
383 1167 450 1264 ipsi
473 1166 667 1240 clarissime
685 1168 862 1238 memorie
882 1167 1034 1240 domino
1055 1168 1127 1263 regi
1150 1168 1279 1240 Carolo
1303 1171 1427 1258 tertio,
1443 1195 1544 1239 reve-

152 1290 261 1369 rendo
272 1291 427 1363 domino
438 1292 592 1387 genitori
609 1307 749 1380 nostro,
765 1290 855 1362 dum
870 1293 1017 1383 viveret,
1036 1307 1072 1364 et
1093 1293 1201 1364 nobis
1215 1294 1323 1365 etiam
1338 1293 1491 1365 fideliter
1509 1310 1545 1364 et

155 1412 280 1489 utiliter
291 1415 541 1513 prestiterunt,
558 1413 780 1487 etbactenirs
792 1439 941 1511 quoque
955 1429 1114 1512 prestare
1127 1414 1310 1487 fructuose
1323 1441 1365 1487 ac
1381 1414 1546 1511 quotidie

158 1562 225 1611 non
242 1536 433 1625 desistunt,
460 1536 599 1633 obque
622 1537 796 1609 instinctu
823 1538 950 1609 merite
975 1538 1124 1609 rationis
1138 1537 1349 1608 inducimur
1368 1551 1406 1608 ut
1428 1537 1546 1608 dictos

161 1662 271 1733 iratres
283 1658 527 1731 favorabiliter
540 1675 576 1731 et
589 1658 761 1732 munilice
770 1685 1049 1758 prosequamur,
1065 1662 1155 1731 moti
1169 1685 1317 1757 quoque
1334 1661 1441 1731 certis
1457 1684 1546 1730 con·

164 1784 424 1858 n‘tlerationibus
437 1800 548 1881 atque
565 1786 694 1876 causis,
708 1786 830 1858 eidem
848 1792 1008 1875 Donato,
1024 1785 1070 1858 de
1090 1789 1186 1857 certa
1204 1788 1326 1857 nostra
1341 1786 1487 1857 scientia
1502 1810 1545 1856 ac

170 1932 236 1981 tum
243 1935 385 1983 assensu
399 1910 684 1983 reverendissimi
695 1913 732 1983 in
743 1912 885 1983 Christo
896 1913 1018 2008 patris,
1028 1911 1171 1984 domini
1181 1911 1315 2006 augeli,
1327 1910 1421 1981 tituli
1429 1911 1545 1981 sancti

172 2032 328 2104 hunntii
350 2033 388 2102 in
413 2036 567 2105 Damaso
585 2035 784 2131 presbyteri
808 2034 1011 2125 cardinalis,
1034 2033 1230 2131 apostolice
1249 2032 1343 2104 sedis
1364 2032 1486 2127 legati,
1503 2056 1545 2103 ac

174 2156 354 2226 temessime
375 2153 526 2226 domine
539 2154 689 2226 domine
713 2157 917 2249 Margarite,
930 2157 996 2227 Dei
1009 2157 1122 2251 gratia
1146 2179 1340 2250 rfflnorum
1360 2155 1546 2252 predicto·

176 2296 236 2347 rum
248 2277 379 2373 regine,
393 2276 590 2347 reverende
603 2278 785 2372 genitricis
800 2294 938 2362 nostre,
958 2293 993 2348 et
1006 2277 1189 2350 bailorum
1209 2293 1419 2349 nostrorum
1432 2330 1443 2367 ,
1461 2303 1545 2374 pre·

174 2400 343 2472 tertiarum
358 2416 483 2472 tenore
493 2401 729 2473 concedimus
743 2403 858 2500 qubd,
874 2405 910 2473 in
927 2428 1011 2475 casu
1030 2403 1131 2500 quod
1146 2405 1273 2474 Nerius
1293 2402 1392 2474 idem
1409 2403 1547 2499 absque

122 2538 125 2579 t
174 2514 312 2615 legitimis
324 2522 408 2595 liliis
420 2523 588 2596 masculis
597 2548 639 2596 ex
656 2549 722 2596 suo
742 2550 896 2623 corpore
911 2525 1089 2597 derelictis
1107 2525 1154 2596 ab
1170 2524 1238 2597 bac
1251 2527 1325 2596 vitai
1338 2525 1545 2614 decederet,

174 2641 296 2719 el'umsi
308 2648 464 2745 legitime
478 2646 550 2719 lrlie
565 2647 698 2719 lemine
711 2673 752 2719 ex
764 2674 807 2721 co
821 2664 1064 2747 superessent,
1075 2648 1234 2745 prelatus
1247 2654 1422 2739 Donatus,
1436 2648 1546 2720 frater

173 2788 253 2861 tuus,
266 2770 319 2843 vel
339 2772 451 2869 ipsius
462 2772 595 2843 Donati
610 2770 675 2843 filii
691 2772 842 2867 legitimi
858 2771 1008 2845 masculi
1028 2797 1132 2844 serus
1144 2772 1207 2868 qui
1235 2786 1324 2843 tunc
1337 2773 1547 2868 superstites

173 2884 302 2983 luerint,
320 2894 424 2965 etatis
439 2907 476 2965 et
492 2893 626 2990 gradus
641 2894 737 2966 inter
759 2919 821 2966 eos
843 2896 1068 2992 prerogativa
1086 2898 1225 2967 servata
1244 2919 1286 2965 ac
1308 2894 1437 2990 majori
1455 2909 1545 2965 natu

169 3010 281 3088 minori
293 3017 449 3116 prelato,
462 3018 659 3091 succedant
678 3034 714 3091 et
733 3018 927 3091 succedere
943 3020 1100 3092 debeant
1114 3018 1232 3092 eidem
1256 3020 1364 3090 Nerio
1380 3021 1416 3091 in
1438 3020 1547 3092 dictis

167 3132 282 3211 ducatu
297 3157 332 3213 ct
350 3141 495 3213 civitate
509 3141 744 3231 Athenarum,
761 3167 845 3215 cum
863 3146 982 3235 terris,
997 3146 1138 3234 castris,
1150 3142 1324 3215 omnibus
1337 3142 1544 3231 vassalibus,

159 3258 288 3355 juribus
313 3278 349 3336 et
365 3265 601 3363 pertinentiis.
626 3271 679 3337 De
698 3267 794 3338 dicti
811 3272 932 3338 nostri
948 3268 1116 3358 scientiis,
1139 3282 1175 3338 et
1198 3291 1282 3338 cum
1306 3291 1485 3338 consensu
1504 3291 1547 3337 ac

157 3388 360 3459 auctoritare
369 3386 504 3483 quibus
517 3386 639 3486 supra,
656 3406 851 3486 nostreque
864 3392 1049 3487 potestatis
1063 3389 1292 3487 plenitudine
1305 3405 1408 3487 aptos
1429 3387 1547 3459 reddi·

153 3534 252 3601 mus,
266 3512 405 3585 habiles
420 3528 456 3585 et
469 3538 638 3611 capaces,
652 3513 728 3609 lege
752 3540 813 3586 seu
840 3517 1123 3604 constitutione,
1146 3515 1430 3602 consuetudine,
1449 3513 1548 3610 capi·

150 3633 234 3707 tulis
251 3650 286 3707 et
309 3637 490 3735 rescriptis
503 3636 798 3734 quibuscumque
822 3641 1013 3711 contrariis
1029 3638 1233 3710 nullatenirs
1247 3638 1443 3708 obstituris.
1461 3635 1548 3706 Filio

144 3762 236 3835 verb
255 3761 430 3861 predicte,
454 3764 483 3833 si
504 3787 575 3860 que
601 3777 690 3835 tunc
707 3789 749 3834 ex
773 3763 873 3834 dicto
895 3764 1004 3834 Nerio
1020 3779 1262 3861 superessent,
1279 3762 1335 3833 vel
1358 3762 1396 3832 in
1416 3758 1547 3857 capillo

137 3888 383 3989 perstiterint,
397 3911 487 3984 quas
504 3911 546 3958 ex
558 3911 658 3959 nunc
673 3886 726 3979 (in
742 3910 826 3958 casu
840 3885 963 3957 obitus
977 3885 1066 3957 dicti
1082 3887 1178 3957 Nerii
1189 3887 1266 3957 sine
1275 3885 1442 3979 legitimis
1451 3907 1546 3955 mas·

135 4010 241 4085 culis
252 4008 475 4099 decedentis,
496 4011 525 4081 si
545 4010 694 4107 quidem
710 4010 829 4081 dictus
846 4014 1010 4081 Donatus
1031 4009 1087 4080 rel
1102 4009 1179 4104 ejus
1202 4008 1352 4104 legitimi
1375 4007 1441 4079 srlii
1456 4032 1546 4080 mas-

131 4136 221 4213 culi
240 4138 450 4235 superstites
468 4137 624 4229 luerint)
643 4136 663 4207 ir
690 4135 911 4234 compendio
931 4135 1026 4207 dicte
1045 4136 1281 4207 successionis
1306 4132 1545 4221 excludimus,

131 4286 212 4363 per
231 4257 374 4331 dictum
396 4264 581 4331 Donatum
601 4260 657 4331 vel
678 4260 836 4357 prelatos
850 4283 934 4330 suos
959 4258 1052 4330 filios
1066 4257 1112 4330 de
1126 4258 1273 4356 paragio
1292 4256 1451 4331 debeant
1472 4280 1547 4328 ma-

130 4384 264 4459 ritari.

191 4538 215 4573 ι
232 4504 413 4578 Volumus
425 4522 546 4580 autem
565 4524 601 4580 et
628 4508 854 4606 presentibus
870 4507 1095 4580 declaramus
1112 4505 1225 4604 quiid,
1244 4522 1406 4603 tempore
1426 4504 1547 4575 obittis

128 4632 237 4709 dicti
252 4632 348 4702 Nerii
369 4634 445 4703 sine
463 4633 607 4731 prelatis
623 4634 789 4728 legitimis
803 4633 884 4704 filiis
898 4633 1084 4720 masculis,
1100 4634 1129 4703 si
1146 4631 1295 4729 quando
1317 4631 1410 4702 bene
1424 4630 1546 4727 placiti

128 4758 210 4833 Dei
233 4755 362 4843 luerit,
378 4754 601 4847 decedentis,
615 4757 774 4855 prelatus
794 4762 956 4829 Dontuus
971 4756 1026 4827 vel
1050 4758 1126 4851 ejus
1150 4756 1244 4828 filius
1266 4754 1548 4853 primogenitus,

127 4894 205 4957 aut
230 4878 467 4976 primogeniti
484 4879 579 4951 filius
596 4883 660 4977 qui
676 4896 762 4952 tunc
776 4898 954 4978 superstes
972 4881 1093 4970 luerit,
1107 4880 1230 4951 venire
1243 4878 1289 4949 ad
1307 4891 1468 4948 nostram
1487 4902 1548 4947 cu-

130 5010 239 5081 riam
252 5016 479 5093 teneatur,et
491 5004 621 5077 debeat
636 5007 854 5078 denuntiare
868 5008 904 5077 in
919 5006 1045 5079 eadem
1059 5005 1156 5077 curia
1174 5005 1316 5076 obitum
1331 5002 1418 5073 dicti
1436 5001 1545 5090 Nerii,
