3406 5918
563 520 699 597 nucnn
720 538 773 599 nn
794 538 937 601 naxos
1394 542 1453 609 au

80 662 153 741 ttrrt
170 668 280 753 mori,
295 680 336 739 ut
355 664 690 739 aeros-christianos
710 669 825 767 reipsa
845 670 946 742 haud
961 671 1039 743 solo
1056 674 1206 745 nomine
1232 674 1348 763 decet,
1361 675 1451 748 dum

81 792 192 867 amm
203 790 303 863 bello
312 790 527 863 distrahitur
539 808 663 865 noster
674 792 799 883 hostis,
813 796 1035 868 unanimiter
1044 798 1226 893 (quamvis
1234 799 1315 870 sero
1325 824 1454 897 prope

81 912 200 989 uadum
216 912 255 987 id
270 914 346 1015 liet)
361 938 462 987 arma
479 930 620 1012 parate,
636 941 736 988 arma
753 919 947 1015 capescite,
963 918 1234 992 Mahometanas
1248 923 1454 1019 provincias

81 1040 325 1135 uguccimiter
351 1038 526 1127 invadite,
547 1041 743 1111 immanem
764 1040 920 1113 belluam
946 1049 1038 1113 terni
1060 1046 1225 1141 marique
1245 1046 1354 1143 primi
1381 1048 1452 1117 sor-

80 1164 504 1263 titerimpetit'e,vexateet
527 1166 704 1237 inlestate.
723 1172 806 1253 Quo
820 1169 967 1265 auspice
987 1183 1023 1239 et
1045 1169 1187 1241 invente
1207 1177 1283 1242 Deo
1303 1173 1452 1269 Optimo

78 1288 599 1385 himocujusomnipotentiae
608 1289 1285 1385 plurimum(lareacsrderevestrarum
1293 1296 1451 1391 partium

77 1412 260 1509 &ereptis
275 1410 380 1483 robis
392 1410 481 1483 locis
501 1426 537 1483 et
555 1412 784 1507 regionibus,
800 1429 999 1511 ereptoque
1008 1417 1236 1488 sanctissimo
1257 1418 1452 1515 sepulchro
1489 1494 1495 1503 ,

76 1534 244 1621 lavatoria
258 1536 376 1607 Nostri
388 1540 473 1607 Jesu
493 1535 637 1627 Christi,
654 1535 756 1608 illum
775 1562 905 1608 exuere
918 1563 962 1609 ac
970 1538 1159 1610 denudare
1172 1542 1328 1638 possitis.
1338 1548 1451 1615 Vocat

76 1674 124 1729 tor
136 1656 237 1731 beata
255 1660 432 1731 immensa
449 1657 508 1730 illa
526 1661 634 1731 Trina
651 1661 813 1756 Majestas
830 1658 983 1733 ooelestis
1003 1640 1050 1733 ad
1071 1662 1143 1734 hoc
1162 1663 1449 1738 laudatissimum

75 1784 225 1855 tatamen
240 1796 276 1854 et
292 1776 446 1873 bellum3
458 1782 504 1854 ad
516 1783 618 1855 hunc
626 1771 921 1879 gloriosissimum
944 1785 1174 1883 triumphum
1187 1788 1318 1879 invitat
1331 1789 1451 1862 Cirris·

71 1900 145 1977 th
159 1908 271 2005 pietas
293 1922 481 2004 coetusque
498 1904 658 2004 reliquus
676 1908 911 2000 cliristianus3
937 1909 1104 1983 hortatur
1122 1928 1282 1999 vestrum
1313 1936 1451 1987 munus

73 2030 254 2103 atollicium
265 2058 276 2122 ς
289 2031 491 2103 admonent
504 2032 681 2129 promissa
695 2032 761 2130 ipsi
779 2030 921 2105 Christo
935 2032 1022 2106 duci
1042 2050 1077 2106 et
1097 2036 1306 2133 imperatori
1322 2054 1447 2110 nostro

72 2144 185 2227 l'rclris
197 2155 289 2229 lacta
300 2180 311 2243 ς
323 2156 482 2228 excitant
495 2156 694 2254 propinqui
716 2171 749 2227 et
764 2156 910 2228 finitimi
923 2162 1124 2229 'lurcorum
1141 2160 1295 2257 imperio
1307 2162 1447 2260 populi,

72 2281 285 2355 ttnonnullis
297 2286 457 2355 vestrum
473 2280 642 2379 subjecti,
664 2284 712 2355 ita
729 2285 890 2381 ipsorum
905 2284 1046 2379 ignavia
1065 2285 1173 2356 simul
1189 2302 1225 2358 et
1241 2288 1389 2360 avaritia
1406 2314 1448 2361 ex

70 2404 273 2503 prtealiqud
295 2400 460 2503 neglecti,
482 2420 517 2478 et
534 2406 689 2478 aliorum
706 2430 866 2504 quorum
879 2432 955 2479 non
981 2408 1130 2480 interest
1150 2411 1309 2506 nequitia
1327 2426 1362 2483 et
1377 2413 1446 2483 ini-

69 2528 180 2625 mitate
204 2530 351 2629 penitius
380 2529 561 2617 destituti,
594 2556 637 2603 ac
669 2530 800 2629 prrrdae
830 2530 1026 2602 crudeliter
1048 2530 1255 2604 indubitato
1272 2537 1446 2630 expositi3

70 2650 252 2728 maturatas
267 2652 431 2728 inlinitus
451 2681 626 2727 numerus
643 2658 871 2754 captivorum
888 2655 1179 2728 Christianorum
1206 2657 1448 2755 compedibus

67 2774 166 2853 treis
190 2780 427 2879 catirenisque
452 2784 617 2871 vinctus,
646 2782 787 2879 reliquo
806 2784 902 2878 gregi
927 2781 1043 2853 libero
1063 2806 1137 2853 non
1158 2786 1291 2879 impar,
1310 2785 1373 2879 qui
1388 2785 1445 2855 in·

67 2922 153 2999 mam
173 2906 431 2979 Manumetano
457 2922 613 3004 tyranno
640 2903 830 2976 durissime
844 2930 887 2977 ac
905 2906 1149 2978 dolentissime
1176 2907 1306 2993 servit3
1330 2923 1446 2980 arctat

67 3044 158 3103 Νη
181 3032 343 3131 ipsorum
366 3032 536 3104 tutelaet
558 3030 673 3116 salus3
696 3044 799 3125 urget
818 3029 1064 3103 miserandum
1079 3045 1115 3101 et
1130 3030 1250 3101 flebile
1263 3029 1443 3128 plurimo·

66 3170 130 3227 tatu
144 3158 353 3255 principum
373 3159 524 3229 exitium
543 3171 580 3229 et
602 3155 803 3243 excidium,
823 3158 939 3252 cogit,
964 3171 1027 3227 aut
1051 3181 1178 3251 cogere
1198 3156 1303 3228 decet
1324 3159 1445 3229 immi·

66 3292 135 3349 ltus
147 3278 357 3365 discrimen,
375 3307 422 3353 ne
440 3306 524 3353 cum
544 3281 662 3375 regnis
679 3295 713 3350 et
728 3279 888 3377 imperiis
915 3281 1039 3351 vestris
1057 3278 1259 3351 libertatem
1282 3296 1316 3351 et
1334 3283 1446 3353 vitam

64 3400 371 3493 priteramittatis,
387 3416 496 3500 atque
511 3404 558 3475 ita
577 3404 709 3474 erroris
729 3418 763 3473 et
775 3401 896 3473 delicti
909 3401 1055 3473 admissi
1069 3427 1209 3499 poenas,
1226 3418 1303 3473 tum
1318 3430 1445 3500 super-

61 3520 215 3601 !'hsub
223 3527 500 3616 hoccoelo,tum
510 3525 964 3615 brevidelunctisubalio,
975 3541 1015 3597 ut
1031 3528 1256 3621 gravissimas
1274 3528 1325 3597 sic
1336 3529 1444 3598 etiarn

66 3652 283 3725 {mitissimas
304 3652 422 3725 luatis.
443 3653 548 3725 llaud
568 3651 652 3725 sane
667 3676 781 3750 pauca
803 3664 1008 3748 supersunt,
1023 3674 1104 3745 quae
1122 3648 1193 3719 hoc
1208 3651 1246 3719 in
1261 3647 1344 3721 loco
1362 3648 1446 3748 apte

64 3776 346 3875 hcmodateque
365 3801 567 3850 memorare
585 3801 748 3875 possem,
771 3773 855 3846 cinn
873 3774 919 3846 de
938 3778 1068 3846 natura
1100 3788 1137 3846 et
1164 3772 1347 3864 moribus,
1365 3790 1443 3846 tum

64 3886 227 3989 hamis,
251 3902 504 3991 armamentis,
519 3899 712 3973 ordinibus
731 3913 766 3971 et
797 3898 1028 3969 vaframentis
1046 3922 1089 3969 ac
1107 3896 1154 3968 de
1172 3895 1318 3969 militari
1332 3898 1445 3971 disci·

62 4014 141 4111 Η
155 4000 378 4114 turcorum,
403 4027 626 4125 demumque
638 4026 685 4097 de
704 4048 836 4121 genere
855 4049 899 4096 ac
914 4024 1029 4095 sormt
1044 4022 1148 4113 belli,
1171 4038 1208 4094 ut
1235 4021 1391 4113 scilicet,
1409 4041 1443 4098 et

61 4142 118 4237 Η
132 4150 254 4225 inferri
281 4174 325 4225 ac
341 4155 415 4248 geri
434 4150 577 4223 debeat.
598 4147 734 4221 Verirm
759 4147 845 4220 ciun
860 4146 1072 4244 hujusmodi
1090 4146 1234 4245 aliaque
1256 4148 1295 4220 id
1311 4173 1444 4245 genus,

59 4274 166 4369 'itote
181 4276 269 4349 hinc
293 4291 355 4350 ant
376 4276 524 4349 aliunde
542 4275 588 4347 ad
612 4300 677 4347 vos
697 4276 828 4373 sapius
850 4272 955 4346 allata
971 4272 1194 4346 exactissime
1213 4289 1358 4362 tenere,
1381 4298 1445 4345 vos

64 4399 337 4473 'ttisimillirnum
350 4403 394 4473 sit
407 4415 640 4472 etarrnorum
660 4400 799 4498 peritia,
826 4414 938 4494 atque
959 4398 1168 4469 animorum
1189 4413 1439 4496 etcorporum

61 4516 178 4611 Rham,
198 4527 434 4624 Byaantinnm
446 4526 701 4623 imperatorem
712 4525 864 4621 ejusque
876 4522 988 4594 duces
1003 4538 1037 4593 et
1054 4523 1240 4620 prefectos
1255 4524 1443 4619 superetis,

58 4646 272 4723 ttiudustriae
285 4652 486 4739 omiserim,
505 4674 551 4720 nc
569 4649 730 4745 longiore
750 4648 916 4719 oratione
932 4663 1127 4743 apparatus
1145 4664 1280 4719 vostros
1292 4647 1444 4718 bellicos

58 4764 170 4847 intus
190 4798 371 4861 remorer3
391 4774 571 4871 imprimis
598 4770 683 4843 cirm
715 4771 910 4866 intelligam
933 4771 981 4841 ab
1007 4770 1217 4843 Otlromano
1233 4797 1274 4841 ex
1292 4769 1442 4841 'l'lrraciri

58 4896 194 4973 icialem
227 4900 306 4995 jam
342 4899 433 4970 istuc
462 4898 608 4968 missum
638 4918 857 4993 properare,
885 4894 1070 4965 indicendi
1099 4893 1202 4965 robis
1228 4893 1442 4992 propediem

58 5018 117 5097 etti
131 5028 270 5095 caussa.
291 5021 510 5116 ltaqnecirru
539 5021 612 5113 jam
630 5018 727 5089 haud
741 5016 841 5089 dicto
862 5016 924 5087 sed
945 5019 1039 5087 sarto
1057 5042 1150 5114 opus
1169 5018 1227 5101 sit,
1240 5042 1317 5114 quo
1329 5042 1441 5114 appa-
