3406 5918
528 516 663 599 neutri:
689 539 741 598 tu:
763 536 909 599 naxus.
1371 540 1425 599 aot

58 670 157 743 lutati
166 668 304 767 diquut
320 684 405 741 aute
423 692 541 741 atinus
556 692 669 763 reguo
692 667 805 766 pulsi,
826 682 863 739 ct
879 666 1016 739 soedere
1034 665 1171 738 idcir-ci»
1194 680 1303 763 atquc
1319 668 1432 737 uicie-

58 810 191 869 atrottar
202 794 344 892 aliquot
352 792 687 891 uliisimperialibus
696 793 1077 887 Masumetanojuncti,
1087 792 1124 863 in
1132 806 1343 890 potestatem
1354 816 1433 888 per·

58 914 597 1013 baillredegeretibmautemad
605 914 1147 1014 castrabppollonicaexCilicia
1158 914 1431 987 luissetallatnm

58 1040 156 1143 lopbi,
176 1048 363 1115 Persarum
379 1065 497 1136 regem
519 1040 617 1135 (sive
631 1040 667 1111 id
686 1040 854 1111 simulate
875 1055 1041 1135 ageretur
1060 1040 1357 1137 vulgaretnrque,
1371 1066 1431 1112 seu

58 1162 168 1241 larue
188 1164 271 1239 vere
283 1168 489 1262 constaret)
511 1165 588 1261 jam
603 1165 740 1238 bellum
756 1190 900 1263 parare,
921 1191 963 1237 ac
983 1164 1190 1264 paulopost
1216 1167 1253 1237 in
1268 1171 1433 1263 Mesopo-

58 1292 174 1363 hiam
190 1290 478 1377 descensurum,
506 1304 682 1386 tyrannus
703 1290 920 1386 Byzantinus
945 1289 1237 1361 animadvertens
1251 1292 1432 1362 sociorum

58 1414 143 1505 viat,
166 1430 203 1487 et
223 1430 419 1514 apparatus
435 1415 610 1513 opinione
626 1414 847 1485 infirmiores
864 1440 908 1486 ac
923 1414 1118 1505 tardiores,
1136 1417 1269 1488 veritus
1284 1418 1432 1488 etiamsi

58 1538 129 1613 {b
145 1540 282 1613 bellum
307 1540 345 1613 id
361 1555 547 1629 sumeret,
569 1565 616 1613 ue
627 1565 683 1611 res
696 1564 737 1611 ex
749 1542 861 1611 animi
877 1541 1053 1613 sententiat
1069 1566 1198 1637 parurn
1210 1543 1434 1639 procederet,
1501 1632 1506 1639 Ι

58 1660 308 1739 hodiorsum
330 1666 485 1737 consilio
503 1690 547 1739 ex
570 1664 723 1763 Appulia
744 1666 884 1763 copias,
910 1680 947 1737 et
962 1665 1108 1739 classem
1125 1692 1210 1738 cum
1230 1668 1365 1763 ingemi
1384 1672 1435 1740 vi·

58 1808 203 1865 munet
218 1790 397 1880 militum,
421 1816 464 1863 ac
482 1792 653 1888 preciosae
674 1790 932 1888 suppellectilis
950 1790 1089 1889 praedit,
1112 1816 1222 1887 (lirum
1245 1791 1435 1891 improbus

58 1912 303 1989 htuneunus
328 1916 377 1989 ab
404 1918 447 1989 iis
479 1918 544 2013 qui
567 1942 604 1987 se
629 1914 845 1989 dediderant
881 1932 986 1988 antea
1019 1931 1164 2014 ceperat
1190 1919 1226 1988 in
1272 1919 1435 2015 Epirum,

58 2054 405 2135 patercommuuem
418 2040 587 2112 omnium
603 2036 716 2111 ferme
734 2064 834 2137 spem
858 2041 1053 2111 revocavit.
1076 2040 1254 2111 Simulato
1268 2042 1378 2138 igitur
1396 2043 1433 2114 in

58 2156 213 2237 huam
229 2162 349 2235 reditu
372 2186 483 2260 quem
503 2164 689 2261 praemisso
705 2186 851 2233 rumore
870 2161 917 2233 de
944 2164 1085 2235 l‘ersicu
1103 2162 1201 2234 bello
1228 2164 1432 2248 lucarcrat,

58 2280 352 2386 hcorcpreum
380 2288 512 2360 fretum
531 2288 652 2359 classis
675 2289 835 2359 innocua
852 2288 1232 2385 praeteruavigaturait
1252 2287 1436 2388 plerisque

58 2410 269 2503 fflimtur,
292 2413 394 2511 quod
410 2414 585 2512 proximis
601 2413 732 2486 diebus
749 2414 976 2512 prestiterat,
1000 2412 1083 2485 citm
1100 2414 1352 2511 ¹appollonium
1374 2441 1436 2513 pc·

58 2544 139 2623 het,
158 2539 314 2612 insulam
340 2541 616 2636 circunquaque
636 2564 676 2610 ea
702 2539 854 2634 navigiis
873 2536 1013 2609 bellicis
1034 2536 1148 2635 prope
1170 2554 1288 2637 septa,
1311 2542 1435 2612 animo

58 2664 283 2763 accipiendi
302 2664 542 2762 quadraginta
562 2666 726 2736 triremes
743 2689 785 2735 ae
811 2662 961 2735 totidem
991 2659 1102 2733 serane
1118 2661 1185 2733 aliu
1209 2664 1349 2735 minora
1371 2690 1436 2738 ua-

59 2780 144 2879 ᾖ,
166 2787 307 2885 aliquot
333 2789 419 2862 item
443 2812 552 2860 naves
567 2802 768 2859 vestrorum
795 2785 1043 2858 firmissimum
1059 2785 1191 2874 robur,
1208 2802 1435 2885 vestramque

58 2910 263 2985 minimam
272 2914 420 2985 tutelam
434 2918 756 3008 Venetorum,qua²
767 2913 916 3009 iuquam
928 2910 1000 2982 illic
1011 2910 1069 3007 (iit
1085 2912 1433 3009 notissimumest)iu

58 3032 198 3109 ustura
219 3036 380 3129 subant,
404 3038 557 3113 callidus
577 3038 755 3111 barbarus
776 3038 951 3134 occupari
974 3037 1137 3109 mundat.
1157 3039 1325 3135 Corcyrei
1346 3038 1435 3112 nibil

60 3154 333 3266 &aspicentes
349 3188 424 3235 non
449 3165 562 3260 ignari
582 3164 690 3261 pacis,
708 3186 791 3259 quoe
807 3162 930 3259 plures
943 3162 1092 3259 quidem
1117 3178 1202 3235 ante
1216 3188 1331 3235 annos
1345 3190 1434 3236 cun·

60 3278 128 3359 hta
146 3285 310 3388 proxime
336 3289 429 3360 inter
457 3286 682 3360 Solimanum
714 3310 851 3383 vostpue
866 3291 1020 3357 Venetus
1045 3286 1186 3359 firmata
1215 3288 1348 3378 suerat,
1372 3284 1434 3359 ubi

60 3424 165 3487 Ursa
182 3416 345 3489 triremes
366 3440 469 3488 oram
486 3414 625 3487 solvere
642 3439 685 3485 uc
701 3411 779 3485 vela
794 3415 910 3485 ventis
930 3413 1038 3500 dare,
1055 3412 1238 3510 paulbque
1252 3427 1332 3510 pust
1345 3418 1435 3483 'tirr-

60 3530 147 3611 Μ
171 3539 319 3612 classem
349 3538 554 3639 appellere,
584 3554 620 3610 et
646 3552 804 3611 armatos
839 3538 970 3610 milites
1000 3540 1223 3633 inexpectato
1261 3538 1299 3607 in
1337 3535 1436 3610 littus

61 3658 148 3735 fl'tti
160 3679 330 3753 cernunt,
341 3664 519 3762 pavefacti
537 3663 660 3736 subitb
674 3662 833 3734 hostium
860 3662 1034 3750 adventu,
1055 3686 1140 3731 sese
1156 3660 1252 3733 illici)
1266 3661 1303 3731 iu
1314 3660 1435 3757 lugam

61 3798 268 3879 mertum,
289 3788 350 3862 alii
376 3788 481 3863 devia
510 3813 659 3861 nemora
687 3785 965 3883 reconditasque
985 3810 1130 3883 specus,
1151 3784 1212 3856 alii
1234 3802 1437 3883 praeruptos

62 3908 262 4012 fldtosque
285 3929 430 3987 montes
445 3915 599 4013 petiere,
622 3932 706 4011 pars
728 3914 823 3985 circa
851 3912 953 3984 urbis
978 3913 1112 3985 moeuia
1134 3914 1213 4011 rupi
1229 3916 1436 4013 asperrimae

63 4018 211 4129 'flpatitte
223 4062 263 4111 se
274 4062 454 4137 recepere.
469 4037 684 4137 Complures
697 4037 806 4133 igitur
825 4038 1016 4135 utriusque
1028 4042 1132 4109 sexus
1153 4037 1321 4111 mortales
1334 4041 1436 4137 priu-

61 4146 163 4249 sslal
180 4162 307 4235 'furcis
329 4164 366 4235 in
389 4162 568 4235 suburbio
590 4163 802 4261 intercepti,
827 4164 907 4235 caesi
928 4177 1032 4252 suut3
1046 4164 1211 4260 quumvis
1229 4164 1292 4259 (ut
1311 4182 1434 4264 postia

60 4288 260 4381 &penam
277 4288 350 4381 est)
366 4286 483 4359 multo
493 4287 616 4386 plures
629 4287 737 4359 etiarn
751 4288 787 4359 in
803 4286 920 4359 insulat
932 4288 1063 4385 passim
1077 4288 1193 4361 abditi
1207 4290 1357 4379 inventi,
1371 4294 1434 4389 qui

60 4392 254 4503 *pinum
278 4411 439 4484 bostium
458 4412 671 4484 descensum
687 4412 928 4508 diffugerant,
954 4415 1049 4511 capti
1077 4438 1120 4487 ac
1144 4416 1323 4487 interlecti
1349 4418 1433 4487 siut.

58 4522 261 4609 sinautem
275 4552 406 4635 praeter
428 4540 567 4635 priores
588 4539 718 4609 milites
734 4564 777 4611 ex
800 4538 971 4612 buthroto
988 4538 1146 4637 lucisque
1169 4542 1330 4613 finitimis
1348 4567 1436 4637 qua·

58 4640 196 4751 ‘qima
219 4660 318 4731 mille
341 4659 473 4733 milites
489 4664 723 4760 transportati
741 4664 779 4734 iu
809 4662 964 4735 insulam
980 4664 1149 4752 luissent,
1174 4670 1330 4761 (brcyra
1352 4664 1437 4737 urbs

58 4772 186 4855 tinnis
198 4788 389 4858 tormentis
412 4802 448 4858 et
462 4783 541 4858 aliis
555 4786 734 4858 machinis
755 4786 892 4857 bellicis
914 4789 1020 4858 tertio
1038 4812 1154 4858 troitus
1167 4786 1398 4884 septembris,
1416 4789 1435 4859 :i

58 4900 188 4979 hellam
200 4906 361 4981 obsideri
376 4924 495 5006 empta
508 4925 572 4981 est.
590 4910 726 4982 l'erum
743 4910 828 4981 cirm
839 4908 1063 5007 perdifficilis
1075 4910 1261 5007 impeudio
1272 4912 1435 4999 minuta,

58 5026 268 5129 adunqueiu
284 5030 367 5104 loen
382 5034 456 5105 sire
467 5034 567 5105 urbis
576 5033 793 5131 expugnatio
809 5032 1004 5120 rideretur,
1023 5032 1225 5125 largissimis
1237 5036 1436 5132 prasertim

153 5164 194 5217 1¹·
212 5170 350 5219 esurie.
1258 5160 1299 5223 46
