3406 5918
577 512 955 595 secuturutros.
1405 530 1466 593 sss

100 666 200 741 mtt-
220 662 383 737 celebres
399 688 448 735 su
466 662 630 736 feliciora
658 679 823 761 tempora
841 686 1023 735 servarem
1041 678 1137 759 tquae
1163 661 1302 734 utinam
1324 686 1382 735 me
1406 688 1467 733 su-

100 790 211 865 netu
223 789 453 885 contingant)
466 787 577 886 quim
596 789 625 859 si
642 789 680 859 in
695 786 839 859 nullum
853 808 961 859 usum
975 802 1012 858 et
1023 786 1264 858 commodum
1285 812 1343 860 me
1357 801 1467 883 atque

100 912 152 991 b
164 914 327 987 servituti
348 928 460 1011 atque
485 915 565 987 neci
583 912 802 1009 objicerem,
823 928 860 984 et
882 913 919 983 iu
941 936 1139 985 commune
1158 911 1382 1009 reliquorum
1402 911 1467 983 de·

100 1052 277 1113 murm
298 1012 610 1133 communemque
624 1036 807 1133 jacturam
826 1035 899 1107 unis
919 1060 1049 1108 omnes
1064 1035 1248 1134 perditum
1270 1037 1375 1107 irem.
1405 1035 1469 1107 llis

100 1160 176 1259 μ’
193 1162 313 1235 causis
336 1160 562 1259 compulsus,
582 1185 653 1257 qua
675 1161 911 1231 fortissimum
929 1184 1103 1256 quenque
1128 1174 1286 1231 vestrum
1307 1159 1353 1231 ad
1370 1159 1468 1230 idem

100 1282 746 1383 uiicompulissent,l1alrumetano
756 1298 927 1381 tyranno,
944 1285 1053 1355 tertio
1068 1283 1154 1355 ldus
1164 1282 1387 1370 novembris,
1403 1283 1467 1355 de-

100 1404 238 1481 H'uaem
256 1406 340 1479 leci.
359 1412 413 1479 lta
426 1406 523 1480 illius
540 1407 670 1503 jugum
690 1408 850 1479 simulet
875 1408 1069 1505 imperium
1085 1406 1200 1496 subii,
1220 1406 1404 1505 pollicitus
1421 1406 1469 1479 ad

100 1530 165 1623 br,
175 1546 214 1605 ut
232 1533 423 1605 roouatim
436 1532 602 1630 quinque
615 1555 812 1605 aureorum
832 1530 946 1603 millia
961 1531 1088 1603 tributi
1103 1531 1273 1619 nomine,
1287 1533 1409 1627 etjam
1426 1532 1470 1603 iis

100 1668 157 1729 U
175 1670 317 1754 tempus
336 1654 550 1753 persolutis,
573 1656 650 1753 qnb
671 1655 909 1755 placatiorem
929 1654 1123 1727 dominnm
1149 1654 1240 1727 mihi
1264 1654 1466 1727 redderem.

100 1778 311 1865 lusumma
334 1781 475 1853 tametsi
492 1780 610 1877 major
629 1796 665 1853 et
692 1779 875 1875 graviori
897 1779 1004 1852 nobis
1023 1794 1133 1878 atque
1145 1779 1165 1850 it
1179 1779 1322 1853 civibus
1337 1783 1470 1853 nostris

100 1902 257 1977 dautur
277 1904 389 2003 quim
413 1904 501 1977 duci
525 1906 679 2005 pauperi
701 1921 737 1977 et
764 1930 877 2001 regno
899 1906 1067 2003 pertenui
1094 1906 1309 1995 conveniat,
1332 1905 1470 2001 integre

100 2034 187 2101 hert
203 2030 402 2127 quotannis
417 2029 439 2101 t
453 2028 561 2103 uobis
577 2028 869 2120 enumerabitur,
888 2029 925 2100 id
939 2028 1041 2127 quod
1056 2026 1263 2103 declinandi
1290 2030 1469 2101 evitandi-

100 2144 263 2250 ringis
275 2152 416 2227 adversi
431 2168 467 2225 et
483 2154 673 2227 atrocioris
685 2153 877 2225 infortunii
895 2154 1008 2250 gratis
1025 2155 1274 2252 perfecturum
1289 2179 1346 2226 me
1363 2152 1471 2252 plauti

100 2272 252 2369 pultem.
269 2276 490 2375 Quanqu‘am
504 2276 604 2349 baud
624 2279 754 2373 ignoro
770 2277 912 2375 aliquot
926 2293 1007 2374 post
1022 2302 1138 2351 annos
1156 2278 1254 2351 idem
1273 2278 1363 2351 mihi
1376 2304 1469 2376 quo·

99 2400 277 2499 pprocul
285 2400 401 2475 dnbio
414 2417 633 2475 eventurum
650 2404 733 2497 (nisi
752 2403 827 2500 ipse
840 2402 1004 2475 Christus
1018 2402 1230 2502 redemptor
1244 2418 1368 2475 noster
1383 2429 1469 2501 sup-

100 2522 179 2617 μὴ
190 2526 368 2614 attulerit,
387 2527 588 2624 vestrisque
604 2526 737 2600 sedatis
755 2542 791 2599 et
805 2527 942 2624 pacatis
959 2528 1216 2598 controversiis
1236 2543 1346 2623 atque
1364 2527 1467 2599 dissi·

100 2640 211 2721 lbra
223 2650 261 2721 iu
283 2674 401 2721 uuum
416 2652 675 2749 composuerit,
693 2666 729 2723 et
745 2650 1026 2725 adsumendum
1044 2648 1182 2721 bellum
1202 2649 1376 2721 adversus
1395 2674 1462 2747 po·

100 2772 305 2847 htinimum
319 2789 356 2847 et
380 2772 475 2873 penti
488 2776 667 2847 invictum
676 2773 815 2847 hostem
828 2772 1182 2870 compulerit)quod
1191 2773 1413 2869 octogesimo
1421 2774 1469 2845 ab

100 2892 714 2992 'hc-muoConstaotiuoPaleologo
726 2898 1143 2969 novissimoGraecorum
1153 2898 1372 2995 imperatore
1384 2922 1467 2969 eve-

100 3016 201 3119 tuqui
208 3020 306 3095 bello
314 3020 481 3118 fatigatus
494 3022 713 3117 fractusque,
724 3046 809 3094 eum
816 3018 1244 3094 abdmuratalurcorum
1251 3046 1467 3120 regepacem

100 3146 322 3219 rustitione
332 3147 552 3245 impetrasse,
560 3159 602 3218 ut
610 3146 644 3217 ei
653 3170 695 3217 ac
708 3144 977 3217 suecessoribus
989 3146 1167 3245 perpetui)
1179 3148 1468 3220 annuumtribn·

100 3270 340 3369 *pendereb
353 3270 392 3343 id
404 3270 506 3369 quod
516 3272 625 3343 etiam
636 3271 835 3367 quotannis
845 3268 1000 3343 fideliter
1012 3273 1329 3369 praestitit,mntm
1345 3274 1468 3344 omnia

100 3386 224 3469 unna
237 3394 436 3493 divinaque
446 3398 548 3491 jura,
573 3392 841 3483 illalrumeto,
868 3395 982 3493 ipsius
995 3397 1155 3469 lmumti
1174 3396 1250 3467 filio
1273 3412 1307 3467 et
1324 3421 1467 3468 succer-

100 3532 160 3609 Μ,
170 3534 300 3593 octavo
315 3544 413 3592 anuo
429 3534 512 3619 post
524 3520 657 3591 initum
671 3534 709 3590 et
722 3543 934 3619 percussum
953 3543 1038 3591 cum
1058 3534 1159 3616 patre
1173 3519 1289 3591 loedus
1296 3518 1342 3589 de
1354 3522 1469 3617 impe·

100 3634 539 3743 ''Constantinopolitano
558 3643 771 3715 exturbatus
796 3657 833 3713 et
847 3643 981 3737 ejectus
997 3644 1065 3716 luit
1091 3669 1133 3715 ac
1149 3644 1286 3742 pariter
1310 3645 1464 3715 occisus.

100 3760 212 3863 misire
223 3767 380 3867 proinde
395 3792 500 3840 aures
521 3781 558 3839 et
576 3765 714 3855 oculos,
726 3767 943 3862 animosque
961 3767 1150 3857 intendite,
1164 3767 1361 3865 principes,
1376 3767 1465 3840 dum

100 3900 259 3963 nvestra
292 3893 431 3987 integra
452 3905 489 3963 et
515 3888 708 3961 incolumis
733 3903 807 3979 est,
829 3914 872 3962 ae
893 3888 983 3959 dum
1010 3888 1113 3961 vobis
1136 3888 1255 3963 aliena
1280 3890 1466 3979 vecordia,

100 4000 252 4114 imaque
279 4012 443 4113 pericula
453 4029 490 4087 et
501 4014 595 4087 mala
609 4012 780 4113 prodesse
796 4029 970 4113 possunt,
986 4013 1101 4087 nolite
1118 4013 1223 4086 vobis
1235 4014 1321 4112 ipsis
1333 4013 1466 4098 deesse,

100 4136 178 4211 hir
190 4140 311 4213 verius
329 4138 469 4227 obesse,
488 4164 548 4227 ue,
569 4139 600 4209 si
613 4138 822 4211 communis
840 4137 954 4210 hostis
972 4162 1037 4208 vos
1064 4138 1246 4235 sigillatim
1276 4139 1464 4223 invaserit,

100 4258 166 4347 flod
183 4260 294 4341 babet
313 4263 506 4351 inanimo,
519 4278 556 4335 et
568 4261 693 4334 sibide
709 4261 829 4351 vobis,
844 4276 971 4359 utpote
984 4286 1127 4360 semper
1141 4261 1370 4335 discordibus
1384 4288 1465 4359 per·

100 4372 167 4459 'ute
178 4386 389 4486 pollicetur,
410 4386 638 4460 earrdemmet
657 4384 773 4457 aleam
787 4402 824 4457 et
842 4384 1027 4457 fortunam
1049 4385 1223 4478 subeatis,
1237 4412 1347 4484 quam
1362 4388 1465 4484 equi-

100 4498 149 4583 ἡ
164 4510 327 4613 proxime
349 4512 461 4601 subii,
487 4526 523 4584 et
543 4510 665 4609 plures
683 4526 768 4583 aute
790 4535 848 4583 me
874 4511 1058 4610 principes
1079 4510 1227 4609 indigui
1249 4511 1463 4591 subierunt,

100 4640 259 4711 tarnim
280 4636 367 4709 citm
384 4638 421 4710 in
438 4636 510 4709 hoe
531 4653 694 4735 tempore
717 4636 905 4709 Solimano
927 4638 1008 4725 auri
1031 4639 1245 4734 argentique
1262 4640 1315 4709 vis
1339 4639 1397 4723 sit,
1423 4664 1462 4708 eu

100 4764 202 4859 ttperii
250 4763 483 4857 magnitudo,
517 4764 547 4833 is
583 4761 742 4839 militum
782 4762 1160 4834 exercitatissimorum
1200 4786 1395 4848 numerus,
1427 4761 1462 4829 id

100 4882 175 4959 tlttrr
193 4903 230 4961 et
251 4886 470 4983 obsequium
492 4912 535 4958 ac
563 4884 671 4971 tides,
693 4901 727 4955 et
748 4910 789 4955 ea
817 4890 909 4955 terrai
942 4888 1107 4981 ruat-ique
1133 4884 1293 4982 potentin
1314 4882 1464 4952 assiduis

100 5013 345 5087 tristiauortuu
361 5011 695 5085 concertationibus
712 5013 873 5107 qttasita,
891 5029 927 5085 et
946 5014 1143 5083 niaximum
1157 5034 1200 5080 ao
1214 5006 1462 5079 incredibilem
