3406 5918
647 524 974 591 tttt'ttotttJfflON.
1475 531 1514 592 37

157 676 206 729 tur.
220 656 253 729 ld
266 672 386 729 nutem
408 657 446 729 in
465 656 678 754 hujusmodi
700 660 817 730 vestrl
841 672 878 729 et
896 657 1008 753 ipsius
1025 653 1182 754 Philippi
1206 655 1269 728 lilii
1296 660 1403 731 vestri
1428 684 1515 755 pro-

157 781 296 869 misione,
310 779 536 874 juramento,
553 796 594 854 ut
615 782 852 879 premittitur,
876 781 1104 869 roboratum,
1119 795 1242 851 actum
1256 795 1302 852 et
1315 781 1517 879 specialiter

159 919 408 1001 eumaeum,
424 903 527 1001 qubd
541 930 618 995 vos,
638 921 675 978 et
695 904 793 977 idem
816 903 912 975 filius
927 918 1057 993 vester,
1078 903 1125 977 ad
1146 906 1460 1002 recuperationem
1479 925 1514 979 et

156 1026 385 1122 munitionem
407 1026 571 1123 ejusdem
592 1028 737 1126 imperii
761 1051 911 1099 omnem
934 1051 1003 1124 pro
1027 1026 1168 1099 viribus
1190 1026 1324 1100 dabitis
1345 1053 1455 1126 opem
1479 1047 1516 1102 et

152 1174 271 1246 utram,
282 1165 320 1223 et
333 1148 601 1248 undecumque,
611 1167 649 1224 et
659 1167 1001 1248 quantumcumque
1010 1151 1189 1249 poteritis,
1207 1151 1453 1250 procurabitis
1467 1153 1515 1227 ad

149 1271 300 1347 ilbtbere
310 1273 528 1364 subsidium,
543 1300 587 1348 ac
600 1300 711 1348 omne
728 1278 766 1347 in
780 1276 945 1373 personis
957 1291 993 1348 et
1007 1275 1115 1348 rebus
1124 1277 1230 1372 juxta
1246 1301 1352 1375 posse
1369 1302 1435 1376 per
1450 1304 1515 1351 vos

147 1398 294 1469 danicos
305 1412 445 1471 vestros
456 1399 697 1472 consiliumet
710 1399 886 1471 auxilium
899 1400 1102 1496 apponetis.
1118 1401 1285 1497 Denique
1301 1404 1515 1475 consentitis

148 1517 284 1616 etplacet
306 1519 429 1611 vobis,
449 1520 553 1618 qubd
576 1536 800 1594 memoratus
821 1546 986 1593 summus
1004 1521 1167 1619 pontifex
1192 1524 1366 1621 premissa
1388 1528 1514 1600 omnia

148 1642 233 1733 valet,
247 1644 393 1731 solidet,
413 1647 606 1720 confirmet
622 1662 658 1721 et
672 1648 839 1734 roboret,
853 1672 1173 1744 quarumcumque
1189 1649 1452 1723 sententiarum
1466 1676 1508 1723 ne

149 1791 304 1863 pennam,
327 1786 365 1843 et
389 1771 543 1844 aliarum
565 1771 813 1869 quarumlibet
835 1773 1069 1842 securitatum
1092 1787 1129 1843 et
1151 1770 1364 1845 firmitatum
1387 1774 1510 1870 adjec-

152 1890 270 1967 tionibus
285 1893 487 1990 dequibus
504 1894 637 1967 viderit
658 1893 839 1992 expedire.
862 1893 1031 1965 Ceterum
1052 1909 1177 1965 actum
1197 1910 1250 1966 est
1269 1895 1365 1967 inter
1386 1921 1452 1969 vos
1474 1913 1511 1969 et

152 2035 210 2101 nos,
228 2031 263 2087 et
286 2014 453 2113 expresse
476 2032 714 2102 conventum,
747 2015 849 2113 qubd
872 2015 983 2088 altera
1008 2017 1168 2114 partium
1192 2042 1269 2089 non
1294 2017 1509 2093 observante

149 2134 316 2230 hujumodi
336 2142 599 2213 conventiones
616 2157 651 2211 et
668 2155 788 2238 pacta,
809 2139 949 2236 reliqna
969 2140 1015 2212 ad
1035 2139 1327 2214 observationem
1346 2145 1507 2241 ipsorum

148 2263 259 2336 minine
272 2281 451 2339 teneatur.
475 2271 518 2337 Ut
539 2267 649 2362 igitur
663 2264 874 2361 hujusmodi
893 2267 1155 2337 conventiones
1171 2281 1206 2338 et
1225 2282 1344 2364 pacta,
1367 2266 1510 2364 aliaque

148 2389 279 2478 premissa
303 2390 430 2462 omnia
454 2405 490 2461 et
516 2388 655 2485 singula
678 2390 829 2487 plenum
857 2415 899 2461 ac
920 2404 1141 2487 perpetuum
1173 2389 1288 2462 robur
1317 2390 1510 2465 obtineant

148 2506 309 2596 firmitatis,
343 2538 490 2611 presens
519 2514 695 2612 scriptum
722 2538 784 2584 seu
815 2513 1041 2609 privilegium
1070 2511 1197 2584 exinde
1229 2514 1308 2586 fieri
1336 2530 1372 2589 et
1400 2520 1508 2588 aureli

147 2628 213 2707 utu
226 2639 365 2736 typario
380 2655 501 2713 nostre
517 2640 709 2734 majestatis
722 2641 894 2737 impressit
906 2641 1080 2735 jussimus
1095 2640 1329 2711 communiri.

176 2766 309 2835 «Actum
324 2763 475 2837 Viterbii
486 2766 523 2836 in
538 2768 680 2837 camerb
691 2766 880 2836 memorati
891 2764 1033 2836 domini
1043 2763 1251 2854 Clementis,
1266 2789 1359 2863 pape
1374 2767 1507 2859 quarti,

146 2877 349 2979 inprecans
366 2887 530 2984 ejusdem
550 2888 694 2961 domini
720 2913 832 2986 pape,
855 2887 1085 2987 presentibus
1107 2889 1216 2960 etiarn
1238 2887 1509 2961 venerabilibus

147 3001 204 3075 *ἰὼ
218 3013 388 3106 magistris
410 3018 535 3102 Petro,
555 3011 817 3085 archidiacono
837 3013 1057 3103 senonensi,
1076 3012 1239 3108 ejusdem
1257 3013 1398 3085 domini
1415 3038 1510 3112 pape

147 3137 318 3226 oeuerario,
341 3138 497 3211 berardo
513 3137 560 3211 de
580 3139 747 3236 Neapoli,
763 3139 968 3235 Apostolice
983 3138 1085 3211 Sedis
1104 3139 1263 3228 notario,
1278 3153 1315 3211 et
1330 3138 1507 3213 Gaulrido

145 3246 264 3331 tltbcllo
280 3266 420 3353 Monte,
434 3264 650 3337 cancellario
671 3265 878 3360 Bajocensi,
894 3290 944 3337 ac
967 3263 1156 3337 nobilibus
1178 3265 1264 3337 viris
1279 3266 1439 3337 Henrico
1459 3265 1506 3338 dc

145 3374 264 3473 Stlitco,
292 3386 455 3477 barallo,
482 3387 636 3460 domino
669 3390 815 3476 Baucii,
841 3390 942 3486 regni
971 3387 1092 3460 Sicilie
1125 3413 1257 3485 magno
1283 3388 1506 3485 justiciario,

144 3497 244 3579 loenne
264 3508 311 3580 de
334 3510 511 3597 Rresilva,
534 3511 696 3608 ejusdem
718 3513 818 3608 regui
843 3511 1070 3603 marescallo,
1092 3513 1269 3585 Gaulrido
1289 3511 1336 3583 de
1354 3512 1504 3584 Bourle·

146 3640 227 3717 unit,
237 3636 376 3705 lonnne
388 3634 435 3705 de
449 3635 622 3727 (lariaco,
636 3635 779 3709 Allanto
790 3634 837 3709 de
848 3641 1063 3727 'laruscoue,
1078 3635 1239 3731 ejusdem
1254 3634 1395 3706 domini
1410 3660 1505 3733 pepe

147 3762 252 3843 multe,
264 3754 398 3827 blilone
410 3756 458 3829 de
476 3757 637 3848 Galatas,
651 3759 843 3850 militibus,
859 3774 896 3832 et
911 3757 1090 3832 &cuculo
1104 3757 1150 3831 de
1163 3757 1313 3846 Venalis,
1329 3757 1503 3831 caucella·

145 3868 385 3977 &mabuntur
406 3883 562 3969 Achaim
592 3909 715 3955 mense
740 3885 846 3974 maii,
874 3885 1043 3956 vicesimo
1072 3884 1228 3983 septimo
1253 3883 1315 3955 die
1337 3884 1501 3982 ejusdem

146 4000 252 4093 unu,
267 4008 310 4075 Χ.
329 4003 477 4094 indict,
498 4031 597 4079 anno
615 4011 722 4078 ttoni.
744 4009 979 4097 blCCLXVll,
994 4008 1227 4105 pontificatus
1243 4007 1330 4080 verb
1348 4007 1503 4106 predicti

144 4107 242 4197 donini
259 4129 453 4202 Clementis
469 4155 562 4228 pape
583 4135 628 4202 tv
649 4155 748 4202 anno
767 4131 824 4226 iij,
842 4146 878 4203 ct
900 4132 1001 4226 regni
1022 4132 1136 4202 nostri
1161 4156 1262 4203 artno
1281 4131 1306 4226 ij
1332 4131 1497 4203 l'clicitrr.

144 4238 231 4317 ⁸¹¹*ss-
255 4255 386 4325 llatum
410 4277 475 4350 pet·
502 4278 653 4325 titanum
679 4254 829 4327 liuberti
851 4254 898 4327 de
920 4259 1029 4344 baro,
1056 4256 1158 4350 regin
1178 4255 1299 4328 Sicilie
1319 4270 1498 4353 protono-

145 4361 207 4432 lirll.
222 4402 236 4433 a

178 4487 311 4567 l'nnlant
329 4524 402 4594 quc
422 4498 581 4569 llartdoin
598 4504 626 4570 ll
645 4501 851 4596 purcournit
866 4499 992 4571 l'ltalie
1008 4516 1041 4571 ct
1057 4499 1089 4570 lu
1108 4506 1243 4571 branse
1262 4526 1356 4598 pour
1372 4504 1500 4597 qubtcr

142 4596 185 4673 ὼ·
198 4638 328 4691 mutuis
349 4618 552 4692 d'lronnncs·
576 4637 612 4692 et
625 4621 802 4717 dargent,
819 4648 856 4694 sa
877 4623 1025 4711 senune,
1040 4625 1149 4694 llario
1165 4623 1211 4694 dc
1231 4625 1401 4712 brienne,
1416 4624 1498 4694 visi·

144 4727 344 4839 'illitruron
362 4758 394 4814 ct
420 4743 451 4815 lu
466 4745 607 4817 (bstillc
630 4774 725 4844 pour
748 4747 895 4819 obtenir
917 4748 1030 4836 aussi,
1051 4748 1157 4819 sinon
1181 4748 1244 4819 ‹lcs
1267 4763 1426 4845 tronpcs,
1450 4773 1495 4817 un

140 4856 222 4930 rvtn
232 4866 379 4962 largent
394 4865 590 4941 nit-esurire
610 4897 705 4966 pour
722 4872 878 4941 dvilivrct·
890 4898 956 4943 sou
973 4872 1028 4943 lils
1045 4872 1209 4970 l‘lrilippc
1224 4874 1288 4943 des
1303 4874 1419 4941 tririins
1434 4870 1498 4940 (les

138 4976 298 5077 linitirns,
322 4992 493 5087 nrttqutls
508 4993 531 5064 il
551 4996 641 5066 uiuit
661 4995 715 5066 iti·
737 4994 861 5067 ‹lonni-
882 5023 926 5066 rn
944 5024 1029 5093 gage
1051 5023 1198 5096 parson
1220 4994 1304 5093 pire
1326 5021 1420 5094 pntn·
1437 5001 1496 5067 sti--
