3406 5918
287 556 461 625 romeus
479 557 724 622 nummus
742 557 1099 624 nucum-strom.
1331 548 1394 626 Μ

289 701 338 767 le
349 696 420 767 sire
436 694 482 766 de
497 693 529 765 la
541 692 733 766 Calandria
747 699 773 763 ¹.

286 824 334 892 ln
345 816 525 891 haronnie
539 815 587 888 de
599 822 721 889 Petrus
730 816 756 885 '.

451 1094 650 1180 seigneuries
663 1096 922 1178 eeclesiastiques.

284 1325 476 1423 L’e‘vesque
494 1326 540 1398 de
559 1325 708 1399 Modon.

285 1447 479 1546 L'evesque
498 1448 544 1522 de
560 1453 694 1522 Coron.

287 1573 481 1674 L’evesque
501 1576 547 1649 de
565 1575 694 1647 Holein
713 1570 742 1646 ³.

542 1861 661 1928 ordros
674 1862 843 1930 militoires

285 2082 333 2149 Le
344 2078 606 2151 commundeur
613 2078 677 2152 des
689 2079 854 2152 Alemuns
863 2076 893 2151 ⁴.

286 2208 332 2276 le
352 2204 614 2277 commandeur
632 2205 678 2278 de
698 2205 842 2279 Rhodes
859 2205 885 2275 ⁸.

58 2482 100 2530 es
129 2456 406 2529 ambassadeurs
428 2454 618 2528 retournes
639 2480 684 2527 en
706 2453 845 2544 Moree,
867 2453 1021 2527 lmedee
1040 2454 1083 2526 fn
1104 2479 1158 2527 ses
1183 2453 1394 2554 preparatiss

58 2607 132 2654 rse
145 2580 277 2653 rendre
287 2581 473 2652 lui-meme
483 2580 574 2652 dens
585 2605 622 2652 sa
630 2578 856 2679 principaute
869 2604 915 2651 uu
924 2580 1126 2677 printemps
1145 2578 1190 2650 de
1203 2578 1271 2651 l'an
1288 2580 1391 2678 1392.

58 2704 176 2777 'nvait
193 2704 268 2774 rien
283 2702 304 2773 ὲ
319 2702 489 2774 redouter
502 2727 597 2800 pour
610 2702 644 2773 lu
658 2701 810 2774 securite‘
820 2701 866 2773 de
885 2683 1047 2774 seslltats
1062 2701 1108 2773 de
1119 2700 1285 2773 Piemont
1301 2728 1392 2800 pen·

58 2845 74 2902 t
96 2851 171 2900 son
193 2828 364 2917 absence3
388 2825 562 2916 Ambdde,
584 2843 703 2899 comte
723 2827 770 2899 de
786 2828 924 2916 Savoie,
938 2824 1119 2928 principal
1136 2826 1327 2898 conseiller
1347 2827 1394 2900 de

58 2954 313 3051 eentreprise‚
333 2979 378 3025 en
399 2955 543 3051 prenait
560 2980 623 3026 sur
635 2953 686 3025 lui
705 2953 737 3024 lo
754 2952 877 3049 garde,
898 2968 986 3026 etse
1007 2950 1214 3050 reputation
1234 2952 1280 3024 de
1306 2978 1394 3024 cou-

58 3103 69 3150 ε
85 3093 127 3150 et
141 3075 337 3149 d’habilete
357 3076 441 3178 dtait
455 3103 527 3150 une
546 3079 706 3174 garantie
720 3076 838 3149 reelle.
854 3079 942 3151 Mais
962 3103 1009 3194 au
1024 3092 1187 3148 moment
1207 3078 1323 3149 meme
1342 3074 1391 3148 ou

58 3222 67 3277 t
91 3203 184 3275 emit
199 3201 341 3301 disposd
360 3227 455 3300 pour
478 3203 512 3275 le
529 3202 670 3302 depart,
689 3201 844 3279 Amedee
863 3206 927 3274 Vll
947 3217 1097 3275 nrourut
1120 3202 1340 3276 subitement
1359 3203 1392 3275 le

58 3327 269 3402 novembre
288 3327 391 3425 1391,
408 3327 476 3399 ula
493 3328 587 3400 suite
601 3327 714 3400 d’une
728 3325 839 3399 chute
855 3327 901 3400 de
915 3325 1058 3417 cheud,
1070 3325 1214 3400 laissant
1227 3353 1278 3399 un
1297 3325 1392 3397 heri-

68 3452 142 3552 flge
155 3452 200 3524 de
213 3452 294 3526 huit
309 3479 385 3526 ans.
401 3459 454 3525 En
475 3454 646 3553 presence
658 3454 721 3526 des
735 3454 895 3526 troubles
909 3479 981 3552 que
994 3456 1144 3556 pouvait
1156 3455 1305 3525 susciter
1319 3478 1392 3524 une

58 3575 182 3668 orire,
195 3577 345 3652 tmedte
363 3576 531 3651 d‘Aclraie
551 3579 619 3651 dut
639 3579 797 3652 sacrifier
818 3578 963 3678 l'espoir
978 3577 1068 3650 d'un
1087 3577 1390 3674 agrandissement

58 3700 166 3779 {rece
180 3705 442 3802 pourgarantir
454 3703 489 3776 la
499 3707 748 3777 conservation
762 3703 808 3776 de
818 3703 956 3801 cequ'il
968 3703 1145 3801 possddait
1155 3728 1199 3774 en
1212 3700 1389 3789 Piemont‚

58 3854 73 3904 ι
90 3826 216 3901 Molee
232 3844 323 3900 resta
333 3853 465 3900 encore
485 3854 557 3900 une
570 3828 638 3899 sois
655 3853 737 3900 sans
752 3825 913 3918 defense,
927 3825 1076 3925 exposee
1091 3824 1112 3898 d
1126 3824 1322 3899 l'anarchie
1334 3825 1391 3897 in·

58 3977 153 4030 eure
168 3967 204 4024 et
219 3978 289 4025 aux
305 3969 468 4051 adaques
481 3954 527 4026 de
541 3951 757 4026 l’exterieur.

58 4083 124 4154 m.
147 4076 310 4150 Cibrario
344 4092 381 4150 et
400 4076 564 4150 Promis⁶
585 4077 771 4150 decrivent
789 4076 880 4148 ainsi
895 4100 946 4147 un
968 4101 1050 4174 gros
1068 4074 1230 4174 d'argent
1247 4072 1388 4150 d’lme·

58 4263 61 4282 ‚
84 4201 221 4304 prince
240 4199 418 4293 dumne,
433 4228 515 4275 sans
529 4229 574 4275 en
594 4203 737 4275 donner
754 4201 790 4274 la
803 4226 966 4298 gravure.

58 4458 239 4516 nhndrttn.
254 4458 348 4511 c’etelt
359 4460 519 4512 centurione
531 4461 577 4524 qul
590 4461 675 4524 posse·
713 4458 795 4511 tutte
815 4458 848 4511 de
867 4471 907 4510 ser
925 4458 1000 4511 bteru
1015 4471 1049 4510 en
1060 4459 1160 4519 ttoree.
1180 4463 1206 4510 et
1218 4457 1233 4510 l
1244 4472 1296 4523 peu
1309 4460 1387 4511 d'un·

58 4547 211 4611 Νίσαια
222 4548 380 4609 seigneurie.
714 4550 773 4600 ntes
795 4549 828 4600 de
852 4547 876 4602 u
897 4550 920 4600 le
939 4550 1135 4612 grand-mettre
1153 4549 1186 4601 de
1204 4549 1304 4600 Rhodes
1322 4552 1390 4600 mit

58 4652 126 4705 mx
138 4636 164 4688 le
176 4633 294 4687 onrteme
305 4637 396 4699 netrle.
711 4651 796 4700 eoneu
813 4638 838 4689 Ιι
855 4638 995 4701 pontuuue
1011 4638 1044 4690 de
1061 4640 1199 4702 remum
1210 4639 1242 4690 de
1264 4639 1289 4689 tr
1300 4638 1386 4690 Morte

58 4731 154 4784 tenue.
174 4727 208 4776 1ae
222 4724 292 4787 nege
310 4724 399 4775 decet
417 4723 509 4776 erlehe
526 4724 567 4777 tut
583 4726 674 4791 deputs
711 4727 819 4778 enuere.

58 4813 162 4884 petel
175 4812 338 4863 Andntldr.
742 4815 934 4874 ὀπωπαί,
953 4817 1041 4879 elqtttr'
1058 4831 1072 4866 e
1084 4821 1185 4867 monete
1196 4817 1385 4879 appartenenti

58 4905 152 4960 Mn
161 4902 338 4963 teruntque.
711 4906 944 4956 murmuretur
961 4906 1155 4967 manuam
1168 4902 1283 4964 Suum,-
1306 4909 1314 4953 t
1332 4904 1385 4963 eol.

58 4993 192 5049 amre,
209 4990 278 5040 dont
291 4989 315 5039 tr
329 4989 439 5050 letooete
456 4990 525 5041 evrtt
540 4990 672 5055 huonon
712 4994 798 5052 uo,
810 4994 905 5046 Tortno
918 4996 986 5052 tuat.
1000 5005 1063 5057 me
1074 4996 1130 5044 ³8⁴1.

58 5086 122 5141 tune
133 5084 150 5137 l
165 5084 244 5135 uter
255 5081 282 5132 Ιι
293 5079 370 5132 rulne
381 5078 426 5133 des
442 5080 588 5143 Temrllen,
604 5081 672 5135 evett
