3406 5918
647 519 975 591 INTROBUGHON·
1472 521 1514 589 ὗ

156 657 194 733 rei
208 656 377 756 permixtis
399 677 487 729 cum
508 653 675 747 filiabus,
697 653 860 731 babeant
884 652 950 729 iiiii
973 652 1125 729 unoculi
1148 667 1189 727 et
1210 651 1319 727 liberi
1343 652 1456 749 hojo·
1474 654 1513 729 'm

155 781 316 880 puugitrm
329 794 368 853 et
380 777 621 855 bemditetem
635 781 694 855 eri
710 784 872 855 Mentem
883 776 1104 859 Pesuienum
1118 801 1205 851 cum
1219 779 1296 853 teta
1311 778 1390 874 ejm
1405 776 1516 853 bero·

156 908 204 996 nii,
212 905 429 1005 pertinentiis
442 929 485 977 ac
502 904 736 979 incrementis
751 903 985 1003 proventuris
998 904 1194 977 occasione
1209 902 1514 988 exscambiorum,

157 1027 387 1127 ipniierint,
407 1026 457 1105 de
471 1027 553 1103 vitu
567 1045 605 1103 et
623 1029 776 1103 beronis
788 1026 963 1127 predictis
980 1026 1021 1103 in
1040 1042 1161 1101 totum
1174 1027 1233 1103 vei
1244 1029 1285 1101 in
1299 1042 1462 1126 partem,
1479 1041 1517 1101 et

154 1152 202 1231 rii
217 1154 447 1227 incrementis
465 1170 504 1227 et
520 1152 867 1227 ameliorucionibus
879 1151 1119 1250 quibtulibet.
1142 1151 1208 1225 lile
1224 1168 1348 1227 eutem
1366 1177 1411 1227 ex
1428 1153 1517 1251 ipsis

152 1274 239 1351 ibris
253 1276 322 1375 qui
341 1275 548 1353 remanebit
566 1276 741 1351 dominus
760 1276 893 1349 Montis
913 1275 1083 1353 Petulani
1105 1290 1274 1353 unenrm
1290 1275 1372 1351 aliis
1391 1274 1518 1349 liberis

152 1396 284 1473 tintus
305 1412 345 1473 st
362 1399 552 1475 sororibus
573 1400 651 1473 suis
670 1398 882 1497 providere,
899 1397 1095 1496 dictusque
1112 1422 1175 1473 rer
1193 1398 1380 1475 tenebitur
1400 1398 1519 1474 iacere

152 1519 235 1595 niere
248 1520 371 1595 villum
392 1537 429 1595 et
447 1520 639 1595 baronium
655 1521 788 1593 Montis
808 1520 973 1594 Pesuleni
991 1519 1100 1611 5‚ooo
1119 1520 1185 1596 lib.
1208 1537 1280 1599 tur.
1299 1523 1417 1597 ennui
1433 1520 1518 1597 red·

182 1774 304 1863 sitem,
322 1764 448 1871 quiid,
465 1773 505 1845 io
522 1796 609 1847 cusu
627 1771 921 1869 suprnproximo‚
940 1769 1118 1878 quamdiu
1136 1783 1318 1869 superstes
1334 1772 1405 1847 erit
1418 1769 1518 1849 dicta
1570 1844 1574 1851 .

155 1891 278 1988 baina,
300 1911 338 1971 et
359 1897 399 1969 in
421 1896 518 1970 dieu
544 1895 630 1970 villi
649 1896 785 1969 Montis
802 1893 987 1969 Pessuloni
1008 1910 1046 1969 et
1063 1893 1219 1969 heronii
1239 1897 1406 1993 persistet
1425 1920 1522 1969 onus

156 2014 426 2111 italuiidomoo
434 2018 516 2111 lib,
527 2018 648 2095 dictus
660 2045 720 2105 rex
734 2036 771 2093 et
783 2021 863 2115 ejus
871 2044 1060 2093 successor
1071 2019 1285 2120 principeiis
1297 2018 1522 2095 mentm

156 2142 308 2241 puridere
335 2143 481 2219 filiabus
502 2162 541 2221 et
568 2143 652 2219 tiliis
674 2170 715 2218 ex
745 2149 824 2241 ejus
848 2144 1085 2219 matrimonio
1114 2147 1155 2219 iu
1182 2142 1332 2219 duobm
1359 2143 1522 2227 millibus

156 2262 292 2343 ibnnrm
318 2271 575 2343 turonensium
597 2272 713 2345 sonui
734 2267 899 2343 redditus
921 2267 1126 2365 assignandi
1148 2270 1201 2343 eis
1223 2269 1263 2343 in
1287 2268 1379 2343 iocis
1394 2293 1522 2343 como·

159 2384 196 2461 ti
210 2395 394 2467 comitatus
421 2391 651 2483 Rossilionis‚
676 2407 712 2464 et
748 2391 848 2473 dicta
870 2392 1022 2464 domina
1049 2416 1176 2464 eorum
1205 2408 1321 2465 meter
1345 2390 1393 2466 de
1413 2392 1521 2467 butria

158 2514 283 2593 siuet
307 2520 406 2616 ipsos
425 2517 560 2593 liberos
583 2516 767 2615 usquead
791 2539 920 2591 eorum
944 2515 1142 2613 perfectam
1164 2515 1398 2616 pubertatem
1422 2543 1517 2617 qur·

159 2638 346 2715 munem
364 2662 562 2717 annorum.
583 2640 746 2741 Recipies
765 2654 888 2715 tamen
908 2640 1073 2734 interim,
1094 2665 1164 2740 pm
1184 2640 1352 2715 subsidio
1369 2640 1522 2716 utimar-

161 2768 257 2853 bnm,
274 2762 420 2839 dictum
442 2763 627 2837 redditum
648 2787 759 2854 emon
778 2763 958 2839 libremus
979 2787 1048 2864 per
1063 2763 1207 2841 dictum
1224 2788 1347 2861 regem
1367 2763 1426 2838 vei
1444 2766 1523 2863 ejus

160 2898 360 2967 mmm
380 2884 653 2983 assignandum.
675 2887 768 2961 Cirm
792 2904 916 2961 autem
935 2887 1004 2986 ipsi
1024 2887 1132 2963 liberi
1153 2888 1203 2962 ad
1221 2889 1360 2963 dictam
1378 2888 1521 2988 puber·

163 3010 235 3079 him
249 3010 494 3107 pervenerint,
513 3007 572 3083 vel
590 3011 700 3083 etiam
713 3007 800 3085 anti
818 3010 935 3108 ipsam
954 3010 1184 3110 pubertatem
1205 3011 1236 3085 si
1255 3010 1353 3085 dicta
1372 3010 1524 3085 dom'me

162 3131 281 3207 ecrndb
296 3133 466 3223 nuberet,
490 3132 619 3207 eadem
639 3132 790 3207 domino
806 3132 992 3209 tenebitur
1002 3134 1111 3209 dietis
1129 3133 1254 3211 liberis
1272 3133 1468 3233 providem
1484 3136 1524 3209 in

163 3242 362 3329 diensem
378 3255 542 3331 millibus
562 3255 741 3331 librarum
760 3259 876 3337 enutri
898 3255 1078 3349 redditis,
1091 3282 1204 3359 quem
1225 3259 1425 3347 redditum,
1448 3258 1524 3333 tim

164 3376 344 3463 romeon
368 3404 490 3478 regem
512 3382 627 3481 quim
653 3408 718 3480 per
742 3382 880 3455 dictum
897 3383 1087 3457 dominnm
1107 3383 1208 3457 dicto
1232 3408 1319 3459 cusu
1337 3386 1524 3480 resignen-

164 3486 235 3589 Μ,
246 3504 312 3606 ipsi
325 3506 434 3579 liberi
448 3508 653 3606 percipient
668 3533 862 3605 quousque
879 3506 1004 3581 vilium
1023 3524 1061 3583 et
1078 3507 1272 3585 buroniam
1289 3509 1423 3582 Montis
1440 3513 1526 3581 Pea-

164 3614 243 3699 Qi
251 3625 386 3705 babere
401 3647 593 3730 poterunt,
608 3656 723 3707 onere
733 3631 900 3707 dotalicii
912 3631 1083 3731 predicti.

197 3752 314 3843 ⁸item,
326 3753 430 3853 qued
446 3757 492 3846 si,
505 3771 635 3855 sequto
649 3756 750 3831 dicto
765 3758 1018 3848 matrimonio,
1030 3757 1152 3831 dictus
1167 3755 1432 3856 primogenitus
1444 3778 1526 3828 mo·

166 3876 232 3943 'Q
246 3876 290 3951 ad
310 3893 455 3977 partem
477 3905 564 3953 cum
585 3904 698 3955 uxore
719 3883 787 3955 sud
809 3897 846 3954 et
869 3879 1023 3968 mendis,
1050 3879 1173 3953 dictus
1190 3903 1253 3953 rex
1276 3879 1526 3977 pror'uionem

165 3978 312 4075 inim
330 4002 366 4074 ei
389 4002 497 4079 nour
515 4004 616 4101 jem
636 4019 772 4079 sotum
801 4005 1005 4101 nutuque.
1028 4001 1141 4091 Ques
1160 4002 1195 4077 s
1215 3999 1309 4077 nete
1332 4002 1430 4077 susm
1449 4003 1527 4101 tp·

164 4128 216 4187 Μ
228 4142 310 4203 utet
320 4143 518 4203 contentus
528 4131 736 4228 provisione
750 4130 880 4228 putris,
892 4124 1002 4203 nobit
1021 4151 1132 4227 super
1149 4127 1264 4225 ipsam
1279 4127 1526 4225 provisionem

161 4238 354 4327 “duceni
371 4255 589 4327 serenissimi
601 4251 745 4327 domini
759 4251 917 4352 Philippi
935 4254 1030 4348 regie
1042 4256 1280 4327 Francorum.

193 4372 317 4463 titem,
342 4375 467 4474 qnod,
492 4374 644 4450 obtentt
667 4377 942 4476 dispensacione
964 4376 1131 4474 predicet
1156 4375 1260 4449 Sedis
1276 4378 1343 4474 tp.
1367 4391 1406 4447 et
1426 4373 1526 4447 dicto

154 4484 295 4571 Micio
308 4501 526 4591 constituto,
542 4500 741 4598 litterisque
750 4501 953 4573 securitatis
967 4499 1260 4599 superpremissis
1276 4496 1449 4572 omnibus
1462 4520 1528 4594 per

149 4611 266 4697 dnum
284 4650 405 4721 regem
421 4625 678 4721 majoricarum
691 4626 851 4724 prestitis
868 4640 905 4697 et
924 4623 1118 4710 concessis,
1142 4624 1420 4697 matrimonium
1439 4643 1527 4694 con·

145 4742 289 4821 tubum
305 4752 403 4823 inter
420 4748 561 4824 dictum
581 4750 867 4848 primogenitum
882 4764 918 4821 et
934 4749 1071 4823 dictem
1083 4746 1294 4838 dominam,
1317 4746 1365 4820 ed
1389 4768 1474 4818 usus
1491 4757 1528 4815 et

137 4873 412 4945 nrmuetudines
424 4874 585 4947 muricis.

175 5028 191 5059 ι
212 4998 285 5070 trec
304 5008 429 5068 autem
449 4998 572 5072 omnin
588 4999 626 5069 in
641 5010 812 5070 eventum
830 4997 926 5070 dicte
942 4996 1240 5095 dispenmcionis,
1260 5005 1294 5064 ct
1309 5015 1385 5063 non
1403 4988 1527 5078 aliter,
