3406 5918
465 517 608 599 ennrn
628 538 682 599 nn
702 519 967 601 cerinthum.
1360 546 1418 607 sn

58 680 213 758 taanenu
232 680 269 739 et
292 690 389 765 pour
412 690 454 738 ee
479 692 552 765 qne
568 667 617 740 les
643 694 893 742 convenances
918 695 964 742 ne
989 669 1110 741 furent
1135 672 1205 742 mie
1232 671 1332 745 feites
1354 700 1421 772 par

58 790 153 865 lernn
167 793 348 889 seigneur,
363 817 410 864 ne
424 793 648 865 conlerme'es
662 794 785 868 selene
798 795 848 867 les
866 821 908 867 us
922 811 958 867 et
969 796 1019 868 les
1033 812 1241 868 coustumes
1253 797 1304 868 dn
1317 823 1417 896 pays,

58 912 252 1017 keyque
270 916 317 991 de
338 915 466 989 rechel
480 918 713 1005 confer-mons
734 934 769 990 et
793 935 1009 1015 octroyons,
1029 935 1064 991 et
1088 918 1135 991 de
1159 919 1286 992 rechel
1303 920 1421 992 doons

58 1040 681 1138 tuttteelriereetamdeeompaingne
696 1041 729 1114 la
743 1059 917 1115 comtesse
928 1043 973 1114 de
985 1058 1085 1115 toute
1098 1042 1132 1114 la
1148 1043 1270 1116 moitid
1282 1043 1327 1116 de
1342 1061 1422 1117 tont

58 1162 314 1261 waheringe
341 1188 413 1261 que
441 1188 534 1235 nous
555 1180 704 1254 tenens,
720 1180 755 1237 et
775 1191 848 1263 que
871 1190 936 1262 par
956 1167 1077 1237 raison
1104 1165 1242 1238 derons
1267 1169 1369 1239 avoir
1387 1183 1422 1240 et

58 1290 135 1380 tnir,
151 1304 229 1362 tunt
244 1314 287 1361 ee
299 1290 364 1386 qni
384 1303 437 1360 est
456 1313 501 1360 en
529 1288 697 1360 demaine
724 1315 794 1387 por
807 1289 994 1379 demaine,
1009 1316 1082 1387 qne
1097 1315 1139 1362 ee
1157 1293 1221 1387 qni
1246 1307 1298 1363 est
1311 1317 1357 1363 eu
1377 1291 1421 1363 he

58 1410 167 1503 nte,
188 1426 226 1485 et
251 1436 298 1484 en
320 1410 476 1509 homage
495 1411 584 1507 lige,
604 1427 681 1483 tant
705 1412 751 1483 de
776 1436 844 1483 nos
867 1412 1072 1485 lortereices
1096 1438 1241 1485 comme
1268 1414 1315 1486 de
1342 1430 1422 1486 tout

58 1550 124 1611 nne
137 1537 248 1612 chose
266 1563 338 1635 que
358 1562 453 1609 nons
471 1552 601 1609 tenons
618 1564 663 1609 en
684 1537 844 1635 heritage
864 1553 900 1610 et
915 1537 1055 1611 devons
1081 1542 1188 1612 tenir.
1207 1545 1250 1611 Et
1266 1564 1363 1637 pour
1381 1565 1423 1611 ce

58 1678 198 1761 poeste
207 1662 319 1735 chose
336 1664 405 1733 soit
422 1662 536 1733 lerme
556 1678 593 1733 et
611 1662 745 1735 estable
761 1687 828 1761 par
842 1677 983 1735 nouset
997 1688 1144 1763 paruos
1158 1663 1274 1754 hoirs,
1295 1680 1329 1736 et
1351 1688 1423 1761 que

58 1784 278 1886 flnepnisse
294 1785 416 1859 alleri
433 1785 652 1876 l’eneontre,
667 1811 760 1858 nous
773 1812 885 1858 avons
899 1787 998 1859 leites
1018 1812 1077 1860 ees
1096 1803 1281 1886 presentes
1301 1788 1423 1859 lettres

58 1902 160 1985 Hier
177 1911 225 1984 de
245 1926 369 1983 nostre
385 1926 489 2007 grant
503 1909 573 1984 stet
587 1910 750 2010 pendant
763 1927 797 1983 et
811 1910 985 1984 delivrdes
1001 1910 1022 1983 ai
1041 1911 1286 1984 ladite'nostre
1301 1911 1422 1985 chiere

58 2038 237 2137 upnigne
254 2036 289 2109 la
304 2053 492 2109 eomtesse.

79 2166 143 2236 elit
159 2162 180 2235 ir
198 2162 281 2262 plus
292 2178 398 2259 grant
418 2160 564 2234 lermete‘
578 2176 614 2233 et
627 2186 722 2260 pour
740 2187 815 2259 qne
833 2179 928 2235 ceste
950 2161 1060 2235 chose
1082 2165 1152 2236 soit
1177 2164 1260 2263 plus
1273 2163 1420 2255 estable,

58 2300 116 2359 ms
128 2310 241 2360 orons
258 2287 380 2385 requis
402 2286 436 2357 le
456 2282 527 2357 tres
543 2284 655 2357 noble
668 2301 704 2357 et
725 2284 814 2358 hant
833 2288 1011 2383 seigneur,
1030 2303 1152 2360 nostre
1166 2288 1241 2359 bon
1256 2288 1424 2385 seigneur

58 2412 205 2501 tenesne,
234 2411 491 2506 monseigneur
515 2407 680 2509 Philippe
693 2409 739 2481 de
759 2411 1050 2509 Savoie,prinee
1075 2409 1263 2499 d'lchate,
1285 2425 1321 2482 et
1345 2436 1422 2482 ma·

58 2526 126 2609 he
148 2535 319 2627 lsebean,
343 2537 526 2637 princesse
551 2535 598 2609 de
619 2536 708 2608 celle
728 2538 877 2607 meisme
890 2535 1059 2634 princee,
1079 2550 1194 2606 nostre
1208 2535 1321 2606 claime
1341 2562 1422 2606 ron·

58 2658 112 2753 he,
131 2688 204 2761 que
224 2662 268 2734 ils
284 2663 453 2734 meissent
467 2661 563 2734 leurs
583 2686 686 2734 senus
710 2687 754 2733 en
777 2687 836 2733 ees
858 2675 1041 2760 presentes
1062 2659 1202 2731 leictres
1218 2684 1424 2756 nveucqnes

58 2802 243 2877 nnostres,
265 2812 311 2858 en
331 2786 588 2859 consermanee
601 2786 648 2858 de
671 2785 794 2858 verite.

75 2914 142 2985 «n
156 2914 358 3010 requerons
379 2912 470 2984 aussi
488 2912 521 2983 le
545 2912 720 2985 reverend
738 2937 824 3010 pere
837 2936 882 2983 en
901 2912 1015 3002 Dien,
1030 2911 1286 3006 monseigneur
1309 2914 1420 2997 leun,

58 3032 259 3135 'uberesque
270 3036 317 3109 de
333 3042 452 3110 Petras
463 3092 473 3129 ,
485 3062 553 3139 par
564 3037 598 3110 la
616 3062 722 3134 grace
740 3037 786 3109 de
799 3040 910 3126 Dien,
927 3052 1043 3108 nosne
1055 3035 1252 3130 chiersrere
1265 3036 1297 3106 le
1306 3036 1428 3137 gmnd

58 3162 252 3253 murelle,
273 3178 398 3236 nostre
413 3162 489 3234 bon
507 3165 577 3235 ami
601 3162 636 3235 le
656 3161 838 3234 chevalier
856 3164 1115 3257 monseigneur
1134 3161 1214 3234 Gile
1232 3160 1280 3232 de
1303 3166 1423 3258 lagny

58 3290 327 3386 tnonseigneur
352 3290 474 3361 Girart
500 3286 546 3358 de
567 3287 767 3384 Lambruy,
793 3312 866 3385 que
887 3286 930 3358 ils
953 3303 1105 3360 mettent
1132 3286 1228 3358 lenrs
1247 3312 1349 3358 seans
1375 3312 1420 3359 en

58 3426 275 3511 representes
298 3412 419 3484 lettres
439 3436 484 3483 en
502 3412 769 3507 tesmoignance
782 3412 829 3483 de
847 3413 969 3486 veriti.

78 3664 146 3735 tlt
166 3660 452 3760 nonsl‘hilippes
471 3661 517 3732 de
533 3662 682 3749 Savoie,
704 3663 831 3760 prinee
850 3659 1037 3748 (lichene,
1062 3659 1223 3748 lsahiau,
1243 3659 1423 3755 princesse

58 3772 167 3859 loette
183 3788 333 3859 meisme
352 3784 523 3885 princde,
540 3785 655 3857 lehun
671 3810 738 3883 par
760 3784 793 3856 lu
812 3810 916 3880 grace
936 3783 982 3854 de
1002 3783 1092 3853 llien
1110 3780 1354 3879 arehevesque
1376 3781 1423 3852 de

58 3904 153 4003 Um,
175 3910 378 4011 Engleben,
406 3910 523 4011 grnnd
546 3908 765 3982 crnnrestnlrle
786 3908 831 3979 de
861 3909 897 3979 ln
922 3907 993 3977 dite
1021 3909 1180 4006 prinee'e,
1214 3906 1420 4002 Benjamin,

58 4022 221 4110 bnoetter
243 4036 290 4108 de
312 4035 402 4110 celle
430 4034 596 4134 prince‘e,
621 4034 701 4109 Gile
724 4035 770 4107 de
794 4034 926 4131 laigny
952 4048 987 4104 et
1011 4033 1133 4103 Girart
1153 4030 1200 4103 de
1222 4031 1423 4130 lamhrny,

58 4150 214 4234 tenattem
227 4214 238 4251 ,
250 4159 272 4232 it
284 4160 319 4233 la
332 4176 497 4258 requeste
511 4160 559 4234 de
578 4157 648 4231 tres
665 4160 825 4258 pnissant
840 4172 875 4227 rt
895 4155 1004 4228 nohle
1020 4156 1276 4251 monseigneur
1294 4154 1422 4240 leltan,

58 4300 138 4359 tote
154 4284 290 4385 palatin
313 4284 437 4357 dessns
456 4284 531 4374 dit,
553 4310 666 4356 avons
686 4284 753 4355 mis
774 4298 895 4353 nostre
916 4305 1050 4380 propre
1068 4306 1171 4352 senus
1193 4279 1355 4378 pendens
1378 4306 1422 4351 en

58 4434 75 4485 Ι
85 4424 270 4511 presentes
279 4409 407 4491 leitres,
429 4434 473 4480 en
491 4409 759 4503 tesmoignunce
772 4406 819 4477 tle
835 4403 957 4475 verite.

60 4566 82 4603 ι
99 4531 273 4609 Donndes
295 4549 330 4605 et
347 4535 494 4605 escrites
515 4532 723 4604 itllnrence
740 4531 758 4601 t
778 4544 858 4628 sept
872 4529 976 4624 jonis
991 4528 1041 4600 du
1071 4531 1161 4600 mois
1176 4528 1300 4601 dan-il
1322 4527 1367 4600 de
1392 4527 1422 4599 la

58 4658 173 4739 tonde
187 4659 363 4743 indicion,
384 4657 456 4729 l’an
482 4657 528 4729 de
551 4655 812 4728 l'incarnueion
834 4655 939 4740 1304.
964 4686 980 4719 a

58 4792 110 4863 En
133 4784 342 4857 re'unissant
359 4783 409 4855 les
430 4782 722 4875 renseignemens
747 4780 887 4850 lonrnis
901 4804 966 4876 par
981 4794 1036 4849 eet
1053 4794 1131 4850 acte
1145 4801 1231 4847 arec
1245 4801 1333 4847 ceux
1358 4776 1422 4872 qni

58 4954 60 4965 =
77 4928 172 4989 snnt
187 4910 329 4984 donnes
343 4935 409 5008 par
424 4910 456 4980 lu
485 4908 681 5005 (lunaique
694 4904 737 4975 de
755 4908 867 4976 ,iletre
881 4919 915 4974 et
930 4928 996 5001 par
1012 4901 1214 5001 Nicdphore
1227 4900 1420 4997 Gregoras,

58 5042 96 5117 ci
124 5036 178 5109 tes
190 5034 286 5105 senls
307 5032 489 5129 lnitsqn'il
510 5031 578 5103 m'n
599 5028 655 5100 ln<
673 5027 828 5127 possible
842 5027 887 5098 dr
902 5042 1110 5097 constater:

133 5172 172 5225 ι’·
190 5178 253 5225 rm
266 5176 329 5225 nr..
1246 5150 1282 5208 lt
